exchange_id, data_time, channel_no, seq, price, qty, side, ord_type
2,20211118131938020,2013,25875064,22.25,3000,2,2
2,20211118131938020,2013,25875066,6.49,11000,2,2
2,20211118131938020,2031,4954729,205.9,140,1,2
2,20211118131938020,2011,26019037,16.51,800,2,2
2,20211118131938020,2013,25875068,12.28,1000,2,2
2,20211118131938020,2013,25875069,26.51,300,1,2
2,20211118131938020,2033,6284834,263.32,70,1,2
2,20211118131938020,2021,587009,0.813,150000,2,2
2,20211118131938020,2011,26019040,173.11,100,2,2
2,20211118131938020,2011,26019041,7.26,100,2,2
2,20211118131938020,2011,26019044,16.15,100,1,2
2,20211118131938020,2011,26019045,16.15,100,1,2
2,20211118131938020,2013,25875071,34.21,500,2,2
2,20211118131938020,2013,25875072,11.61,10000,1,2
2,20211118131938020,2011,26019047,55.43,100,2,2
2,20211118131938020,2011,26019049,3.99,200,2,2
2,20211118131938030,2011,26019051,26.9,400,2,2
2,20211118131938030,2011,26019052,3.51,4600,2,2
2,20211118131938030,2033,6284835,263.988,50,1,2
2,20211118131938030,2013,25875074,22.96,100,2,2
2,20211118131938030,2023,656835,1.512,80100,2,2
2,20211118131938030,2061,927199,2.331,200,2,2
2,20211118131938030,2061,927201,2.331,50,2,2
2,20211118131938030,2013,25875077,6.34,3000,1,2
2,20211118131938020,2012,25553243,15.58,200,2,2
2,20211118131938030,2012,25553245,6.76,300,1,2
2,20211118131938030,2032,2703183,371.824,20,1,2
2,20211118131938020,2014,25718027,73.6,300,1,2
2,20211118131938030,2014,25718028,4.91,500,2,2
2,20211118131938030,2014,25718029,13.19,1300,1,2
2,20211118131938030,2012,25553246,8.45,20000,1,2
2,20211118131938030,2012,25553247,165.92,100,2,2
2,20211118131938030,2012,25553248,2.77,20000,1,2
2,20211118131938030,2014,25718031,4.9,5000,1,2
2,20211118131938030,2012,25553249,11.34,900,1,2
2,20211118131938030,2012,25553250,3.52,400,1,2
2,20211118131938030,2012,25553254,124.39,100,1,2
2,20211118131938030,2012,25553255,21.05,6000,2,2
2,20211118131938030,2012,25553256,6.76,100,2,2
2,20211118131938030,2012,25553258,3.52,500,1,2
2,20211118131938030,2013,25875078,5.53,6100,2,2
2,20211118131938030,2013,25875079,5.53,4600,2,2
2,20211118131938030,2014,25718034,13.2,200,2,2
2,20211118131938030,2014,25718036,4.9,2300,1,2
2,20211118131938040,2012,25553261,17.89,200,1,2
2,20211118131938040,2034,6162895,421.734,40,1,2
2,20211118131938030,2021,587011,1.072,180000,1,2
2,20211118131938030,2031,4954730,353.222,370,1,2
2,20211118131938030,2033,6284837,165.038,20,2,2
2,20211118131938030,2013,25875080,34.18,300,2,2
2,20211118131938030,2011,26019055,296.23,100,1,2
2,20211118131938030,2011,26019057,33.26,300,2,2
2,20211118131938040,2011,26019058,20.3,1000,2,2
2,20211118131938040,2032,2703187,160.1,10,1,2
2,20211118131938040,2013,25875081,5.36,1000,1,2
2,20211118131938040,2013,25875082,15.63,300,1,2
2,20211118131938040,2013,25875083,9.6,200,1,2
2,20211118131938040,2014,25718039,43.87,100,2,2
2,20211118131938040,2013,25875084,24.3,300,2,2
2,20211118131938040,2061,927203,2.331,450,2,2
2,20211118131938040,2033,6284841,264.569,140,2,2
2,20211118131938040,2012,25553262,12.37,1100,2,2
2,20211118131938040,2024,645003,1.18,200,2,2
2,20211118131938040,2012,25553263,12.27,100,2,2
2,20211118131938040,2014,25718040,44.6,1800,2,2
2,20211118131938040,2014,25718042,12.39,1600,1,2
2,20211118131938040,2011,26019059,39.28,100,1,2
2,20211118131938040,2011,26019061,6.9,10000,2,2
2,20211118131938040,2011,26019062,76.24,300,1,2
2,20211118131938040,2011,26019063,20.28,400,2,2
2,20211118131938040,2032,2703188,160.1,10,2,2
2,20211118131938040,2032,2703190,160.1,10,2,2
2,20211118131938040,2014,25718047,56,100,1,2
2,20211118131938040,2012,25553265,552.47,100,2,2
2,20211118131938040,2014,25718048,7.04,200,2,2
2,20211118131938040,2014,25718050,5.73,200,1,2
2,20211118131938040,2012,25553267,23.16,100,2,2
2,20211118131938040,2032,2703193,142.05,350,1,2
2,20211118131938040,2012,25553268,4.93,1400,1,2
2,20211118131938040,2014,25718052,13.36,500,1,2
2,20211118131938040,2014,25718053,18.76,200,1,2
2,20211118131938040,2012,25553270,25.9,100,1,2
2,20211118131938040,2012,25553271,4.21,6400,1,2
2,20211118131938040,2011,26019065,10.38,1000,2,2
2,20211118131938040,2011,26019067,9.09,11300,1,2
2,20211118131938040,2014,25718055,17.07,700,2,2
2,20211118131938040,2034,6162896,422.162,230,1,2
2,20211118131938050,2012,25553273,13.31,1000,1,2
2,20211118131938040,2013,25875087,23.36,200,2,2
2,20211118131938040,2033,6284843,110.8,220,1,2
2,20211118131938040,2011,26019070,32.94,100,2,2
2,20211118131938040,2011,26019071,6.67,600,1,2
2,20211118131938050,2013,25875091,34.42,200,1,2
2,20211118131938050,2013,25875093,92.34,100,1,2
2,20211118131938050,2012,25553274,5.26,600,1,2
2,20211118131938050,2013,25875094,52.91,5000,1,2
2,20211118131938050,2033,6284844,165.05,10,2,2
2,20211118131938050,2013,25875095,25.9,100,2,2
2,20211118131938050,2011,26019074,6.21,700,1,2
2,20211118131938050,2011,26019075,8.5,12700,2,2
2,20211118131938050,2012,25553276,23.49,800,2,2
2,20211118131938050,2012,25553277,30.58,200,1,2
2,20211118131938050,2013,25875098,4.88,400,2,2
2,20211118131938050,2013,25875099,34.65,400,1,2
2,20211118131938050,2014,25718056,9.55,500,2,2
2,20211118131938050,2034,6162900,422.002,660,1,2
2,20211118131938050,2031,4954731,417.36,400,2,2
2,20211118131938050,2011,26019076,631.07,200,1,2
2,20211118131938050,2011,26019078,32.92,1700,1,2
2,20211118131938050,2032,2703195,246.002,570,2,2
2,20211118131938050,2034,6162905,421.994,200,1,2
2,20211118131938050,2014,25718057,28,200,2,2
2,20211118131938050,2011,26019079,103.43,100,2,2
2,20211118131938050,2011,26019081,290.15,1500,1,2
2,20211118131938050,2031,4954732,417.38,400,1,2
2,20211118131938050,2034,6162906,422.064,690,1,2
2,20211118131938050,2034,6162910,365.407,10,2,2
2,20211118131938050,2034,6162911,422.06,10,1,2
2,20211118131938050,2014,25718058,27.14,1000,2,2
2,20211118131938050,2014,25718059,17.06,400,2,2
2,20211118131938050,2034,6162913,422.2,10,1,2
2,20211118131938050,2034,6162915,422.065,30,1,2
2,20211118131938050,2034,6162918,422.204,10,1,2
2,20211118131938050,2014,25718063,6.86,11600,2,2
2,20211118131938050,2014,25718066,4.32,2000,2,2
2,20211118131938050,2034,6162919,422.2,10,1,2
2,20211118131938050,2034,6162921,421.905,110,1,2
2,20211118131938050,2014,25718070,17.06,100,2,2
2,20211118131938050,2034,6162922,422.668,80,2,2
2,20211118131938050,2034,6162923,422.16,10,2,2
2,20211118131938050,2034,6162925,421.995,260,1,2
2,20211118131938050,2014,25718072,27.54,100,1,2
2,20211118131938050,2013,25875100,19.35,2200,1,2
2,20211118131938060,2032,2703200,246.015,50,1,2
2,20211118131938050,2034,6162926,422.668,30,2,2
2,20211118131938050,2034,6162927,422.668,110,2,2
2,20211118131938050,2011,26019082,13.16,500,2,2
2,20211118131938050,2031,4954734,417.25,50,1,2
2,20211118131938050,2011,26019083,109.13,300,2,2
2,20211118131938060,2013,25875101,10.66,1600,2,2
2,20211118131938060,2013,25875102,12.56,100,2,2
2,20211118131938060,2013,25875103,22.97,100,1,2
2,20211118131938060,2013,25875105,101.85,100,1,2
2,20211118131938060,2013,25875106,34.19,500,2,2
2,20211118131938060,2033,6284846,264,200,1,2
2,20211118131938060,2011,26019086,21.89,1500,2,2
2,20211118131938060,2013,25875107,17.84,100,2,2
2,20211118131938060,2013,25875110,16.87,500,1,2
2,20211118131938060,2011,26019090,10.38,1000,2,2
2,20211118131938060,2011,26019092,103.43,100,2,2
2,20211118131938070,2013,25875112,10.25,400,1,2
2,20211118131938070,2013,25875114,8.64,300,2,2
2,20211118131938060,2011,26019093,16.69,1000,1,2
2,20211118131938060,2011,26019097,15.66,200,1,2
2,20211118131938050,2034,6162928,422.369,180,2,2
2,20211118131938060,2012,25553279,4.93,100,1,2
2,20211118131938060,2032,2703201,246.195,40,2,2
2,20211118131938060,2032,2703202,371.824,10,1,2
2,20211118131938060,2032,2703203,246.195,50,2,2
2,20211118131938060,2012,25553282,36.58,2900,1,2
2,20211118131938060,2034,6162929,430,80,2,2
2,20211118131938060,2014,25718074,9.51,1300,2,2
2,20211118131938060,2034,6162930,422.2,10,2,2
2,20211118131938060,2034,6162931,422.166,10,2,2
2,20211118131938060,2034,6162933,363.423,40,2,2
2,20211118131938060,2034,6162935,426,170,2,2
2,20211118131938060,2034,6162936,422.068,30,1,2
2,20211118131938060,2014,25718076,13.75,1000,2,2
2,20211118131938060,2014,25718077,33.94,100,2,2
2,20211118131938060,2014,25718078,9.51,100,1,2
2,20211118131938060,2014,25718080,9.51,100,1,2
2,20211118131938060,2012,25553283,60.35,1000,2,2
2,20211118131938060,2012,25553285,60.36,200,2,2
2,20211118131938060,2014,25718082,9.51,100,1,2
2,20211118131938060,2014,25718084,9.51,100,1,2
2,20211118131938060,2014,25718086,33.91,400,2,2
2,20211118131938060,2014,25718087,65.68,500,2,2
2,20211118131938060,2014,25718088,13.44,400,1,2
2,20211118131938070,2014,25718089,9.51,100,1,2
2,20211118131938070,2014,25718091,9.51,100,1,2
2,20211118131938070,2024,645004,1.296,110000,1,2
2,20211118131938070,2024,645005,1.297,110000,2,2
2,20211118131938070,2014,25718094,8.3,2000,1,2
2,20211118131938070,2034,6162939,425.723,200,2,2
2,20211118131938070,2033,6284848,264.001,50,1,2
2,20211118131938070,2013,25875116,43.43,500,2,2
2,20211118131938070,2011,26019100,11.92,100,2,2
2,20211118131938070,2011,26019102,4.7,500,1,2
2,20211118131938080,2011,26019104,14.69,5000,1,2
2,20211118131938080,2013,25875120,4.52,200,1,2
2,20211118131938080,2013,25875121,25.93,100,2,2
2,20211118131938080,2033,6284849,264.561,140,2,2
2,20211118131938080,2011,26019111,19.67,500,2,2
2,20211118131938080,2031,4954735,237.542,240,2,2
2,20211118131938080,2031,4954736,353.64,60,2,2
2,20211118131938080,2013,25875122,23.85,3000,2,2
2,20211118131938080,2013,25875123,17.2,500,1,2
2,20211118131938080,2013,25875124,19.5,800,1,2
2,20211118131938080,2013,25875126,4.88,300,2,2
2,20211118131938080,2013,25875127,4.88,300,2,2
2,20211118131938080,2013,25875128,3.68,400,1,2
2,20211118131938080,2011,26019112,4.64,100,1,2
2,20211118131938080,2011,26019113,25.6,200,2,2
2,20211118131938080,2011,26019114,24.14,800,1,2
2,20211118131938080,2013,25875129,10.67,200,2,2
2,20211118131938080,2021,587012,8.015,250000,2,2
2,20211118131938080,2021,587013,0.891,220000,2,2
2,20211118131938080,2013,25875130,6.39,100,2,2
2,20211118131938080,2031,4954738,237.275,10,2,2
2,20211118131938080,2011,26019115,109.13,400,2,2
2,20211118131938080,2011,26019117,103.8,100,2,2
2,20211118131938080,2011,26019118,26.26,2200,2,2
2,20211118131938080,2031,4954740,237.275,10,2,2
2,20211118131938080,2031,4954742,237.275,10,2,2
2,20211118131938080,2031,4954743,237.275,20,2,2
2,20211118131938080,2011,26019119,109.13,100,2,2
2,20211118131938070,2012,25553288,3.32,2000,2,2
2,20211118131938070,2012,25553290,125.07,100,1,2
2,20211118131938070,2012,25553291,45.9,200,1,2
2,20211118131938070,2034,6162940,422.068,70,1,2
2,20211118131938070,2014,25718095,9.51,100,1,2
2,20211118131938070,2014,25718097,65.58,1000,1,2
2,20211118131938070,2012,25553293,34.8,1000,2,2
2,20211118131938070,2014,25718100,62.45,200,2,2
2,20211118131938070,2014,25718101,5.56,70000,1,2
2,20211118131938070,2014,25718102,6.18,1000,1,2
2,20211118131938070,2014,25718104,28.4,100,2,2
2,20211118131938080,2014,25718107,57.03,1000,1,2
2,20211118131938080,2012,25553294,5.5,2700,1,2
2,20211118131938080,2012,25553296,30.58,200,2,2
2,20211118131938080,2014,25718110,5.63,1800,1,2
2,20211118131938080,2014,25718111,20.24,1900,2,2
2,20211118131938080,2013,25875132,20,100,2,2
2,20211118131938080,2013,25875133,20,400,2,2
2,20211118131938080,2013,25875134,29.37,100,2,2
2,20211118131938080,2031,4954744,353.639,30,2,2
2,20211118131938080,2012,25553298,6.06,600,1,2
2,20211118131938080,2032,2703204,144.589,450,2,2
2,20211118131938080,2012,25553300,17.9,500,2,2
2,20211118131938080,2014,25718114,28.4,300,2,2
2,20211118131938090,2013,25875136,20,600,2,2
2,20211118131938090,2013,25875137,20,400,2,2
2,20211118131938090,2013,25875138,55.08,8400,2,2
2,20211118131938090,2013,25875139,6.39,100,2,2
2,20211118131938080,2031,4954745,237.275,10,2,2
2,20211118131938090,2011,26019121,24.16,100,1,2
2,20211118131938090,2011,26019122,24.16,100,1,2
2,20211118131938090,2011,26019123,24.16,100,1,2
2,20211118131938080,2012,25553302,6.06,200,1,2
2,20211118131938080,2012,25553303,168.52,100,2,2
2,20211118131938080,2012,25553304,18.85,800,1,2
2,20211118131938090,2061,927206,2.333,100,2,2
2,20211118131938090,2013,25875141,12.6,100,2,2
2,20211118131938090,2013,25875143,6.39,100,2,2
2,20211118131938080,2012,25553305,8.15,300,2,2
2,20211118131938080,2012,25553306,10.06,200,1,2
2,20211118131938090,2031,4954746,237.275,10,1,2
2,20211118131938090,2031,4954748,237.275,40,1,2
2,20211118131938090,2031,4954751,237.248,10,2,2
2,20211118131938090,2031,4954753,237.272,10,2,2
2,20211118131938090,2031,4954755,237.274,20,2,2
2,20211118131938090,2011,26019124,24.16,100,1,2
2,20211118131938090,2031,4954757,237.275,20,1,2
2,20211118131938090,2031,4954759,353.103,10,2,2
2,20211118131938090,2011,26019125,14.06,3600,1,2
2,20211118131938080,2014,25718116,68.39,200,2,2
2,20211118131938080,2034,6162942,277.7,100,1,2
2,20211118131938080,2014,25718118,9.53,200,1,2
2,20211118131938080,2024,645006,0.778,1900,1,2
2,20211118131938080,2012,25553308,165.92,400,2,2
2,20211118131938090,2032,2703205,245.6,50,1,2
2,20211118131938090,2012,25553309,20.5,500,1,2
2,20211118131938090,2012,25553311,14.5,100,1,2
2,20211118131938090,2012,25553312,50.47,400,2,2
2,20211118131938090,2014,25718119,9.51,800,1,2
2,20211118131938090,2014,25718122,33.99,1000,2,2
2,20211118131938090,2012,25553314,49.87,200,1,2
2,20211118131938090,2011,26019141,5.92,100,1,2
2,20211118131938090,2012,25553318,126,300,2,2
2,20211118131938090,2012,25553319,15.47,25000,1,2
2,20211118131938090,2014,25718124,54.04,200,1,2
2,20211118131938090,2014,25718127,24.04,1000,1,2
2,20211118131938090,2014,25718129,28.31,300,2,2
2,20211118131938090,2032,2703206,139.38,30,1,2
2,20211118131938090,2013,25875145,49.55,1100,2,2
2,20211118131938090,2013,25875146,6.2,3000,2,2
2,20211118131938100,2013,25875149,5.62,5000,1,2
2,20211118131938100,2013,25875151,6.21,1000,1,2
2,20211118131938090,2011,26019143,40.2,200,2,2
2,20211118131938100,2031,4954762,417.823,60,2,2
2,20211118131938100,2031,4954763,205.902,90,1,2
2,20211118131938100,2033,6284852,165.1,2480,1,2
2,20211118131938100,2013,25875153,6.39,100,2,2
2,20211118131938100,2013,25875155,3.73,200,1,2
2,20211118131938100,2011,26019144,7.97,2300,2,2
2,20211118131938100,2011,26019146,24.69,6100,2,2
2,20211118131938100,2011,26019149,6.2,100,2,2
2,20211118131938100,2013,25875156,28.02,100,1,2
2,20211118131938100,2013,25875157,7.3,1000,1,2
2,20211118131938100,2013,25875158,7.93,1500,2,2
2,20211118131938100,2011,26019150,5.3,3000,1,2
2,20211118131938100,2011,26019152,39.66,300,2,2
2,20211118131938100,2011,26019153,9.8,1800,1,2
2,20211118131938100,2013,25875160,12.36,1000,1,2
2,20211118131938090,2034,6162943,278.874,320,1,2
2,20211118131938100,2011,26019154,61.68,700,1,2
2,20211118131938090,2012,25553326,166,100,2,2
2,20211118131938100,2032,2703208,147.816,150,1,2
2,20211118131938100,2032,2703209,371.685,50,1,2
2,20211118131938090,2014,25718131,54,100,2,2
2,20211118131938100,2014,25718133,27.64,1700,2,2
2,20211118131938100,2012,25553327,34.61,200,1,2
2,20211118131938100,2034,6162945,422.39,80,2,2
2,20211118131938100,2014,25718134,16.74,200,2,2
2,20211118131938100,2014,25718139,18.5,500,2,2
2,20211118131938100,2014,25718140,8.5,1400,2,2
2,20211118131938100,2012,25553329,149.75,200,1,2
2,20211118131938100,2014,25718142,24.06,100,2,2
2,20211118131938100,2014,25718143,11,100,2,2
2,20211118131938100,2032,2703214,246.272,10,1,2
2,20211118131938100,2012,25553331,20.99,2700,2,2
2,20211118131938100,2012,25553333,6.66,18000,1,2
2,20211118131938100,2012,25553334,2.27,5700,1,2
2,20211118131938100,2014,25718145,5.67,300,1,2
2,20211118131938110,2013,25875162,4.02,300,2,2
2,20211118131938110,2011,26019155,14.99,900,2,2
2,20211118131938110,2011,26019156,2.1,8000,2,2
2,20211118131938110,2013,25875165,15.5,400,1,2
2,20211118131938110,2021,587014,0.875,1000000,1,2
2,20211118131938110,2013,25875166,15.61,2000,1,2
2,20211118131938110,2033,6284855,205,50,1,2
2,20211118131938110,2021,587015,0.875,1000000,1,2
2,20211118131938110,2033,6284856,231.6,10,1,2
2,20211118131938110,2013,25875169,3.49,4000,2,2
2,20211118131938120,2033,6284857,263.161,100,1,2
2,20211118131938110,2031,4954764,146,70,2,2
2,20211118131938120,2011,26019160,109.13,100,2,2
2,20211118131938120,2011,26019162,13.88,700,1,2
2,20211118131938120,2033,6284858,165.04,800,2,2
2,20211118131938120,2013,25875171,30.95,1400,1,2
2,20211118131938100,2012,25553335,47.91,200,1,2
2,20211118131938100,2014,25718147,30.76,100,2,2
2,20211118131938120,2011,26019163,11.29,100,1,2
2,20211118131938120,2011,26019164,10.39,3300,1,2
2,20211118131938120,2033,6284860,264.014,150,1,2
2,20211118131938100,2012,25553336,31.65,3000,1,2
2,20211118131938100,2014,25718148,15.86,100,1,2
2,20211118131938110,2014,25718149,60.45,200,1,2
2,20211118131938110,2014,25718151,13.44,16200,2,2
2,20211118131938110,2012,25553348,15.58,200,2,2
2,20211118131938110,2014,25718154,10.77,300,2,2
2,20211118131938110,2034,6162948,421.905,120,1,2
2,20211118131938110,2012,25553351,50.46,1000,1,2
2,20211118131938110,2012,25553353,3.56,2200,1,2
2,20211118131938110,2012,25553354,9.67,700,1,2
2,20211118131938110,2014,25718156,27.54,200,2,2
2,20211118131938110,2034,6162949,422,70,1,2
2,20211118131938110,2014,25718157,15.85,2000,1,2
2,20211118131938110,2032,2703216,244.8,140,1,2
2,20211118131938110,2012,25553355,17.92,500,1,2
2,20211118131938110,2014,25718159,9.51,100,1,2
2,20211118131938110,2014,25718163,111,200,2,2
2,20211118131938120,2011,26019165,24.69,100,2,2
2,20211118131938120,2013,25875175,31.07,100,1,2
2,20211118131938120,2013,25875176,6.39,100,2,2
2,20211118131938120,2013,25875178,11.22,7400,1,2
2,20211118131938130,2011,26019167,5.35,2000,1,2
2,20211118131938120,2033,6284864,264.015,100,1,2
2,20211118131938120,2013,25875187,22.92,300,1,2
2,20211118131938130,2031,4954765,205.536,50,1,2
2,20211118131938130,2033,6284865,264.568,20,2,2
2,20211118131938130,2033,6284866,264.015,50,1,2
2,20211118131938130,2011,26019168,17,300,2,2
2,20211118131938110,2014,25718164,5.1,1000,2,2
2,20211118131938110,2034,6162950,278.875,90,1,2
2,20211118131938110,2012,25553357,28.22,200,2,2
2,20211118131938120,2012,25553359,48.99,1000,2,2
2,20211118131938130,2013,25875198,3.99,100,2,2
2,20211118131938120,2014,25718165,16.69,6300,1,2
2,20211118131938120,2034,6162951,114,10,2,2
2,20211118131938120,2014,25718166,4.04,500,2,2
2,20211118131938120,2014,25718167,4.34,1000,2,2
2,20211118131938130,2061,927207,2.336,520,2,2
2,20211118131938120,2012,25553361,25.31,400,2,2
2,20211118131938120,2024,645008,0.797,164000,2,2
2,20211118131938120,2014,25718168,15.77,1400,1,2
2,20211118131938120,2014,25718169,8.32,3000,2,2
2,20211118131938120,2014,25718170,16.34,100,2,2
2,20211118131938120,2012,25553362,5.79,2400,2,2
2,20211118131938120,2032,2703217,246.116,50,1,2
2,20211118131938130,2014,25718172,7.88,700,2,2
2,20211118131938130,2014,25718174,11.96,100,1,2
2,20211118131938130,2014,25718175,5.67,300,1,2
2,20211118131938130,2012,25553367,14.5,10800,2,2
2,20211118131938130,2012,25553368,7.37,6200,1,2
2,20211118131938130,2014,25718178,54.45,100,1,2
2,20211118131938130,2014,25718179,5.54,100,2,2
2,20211118131938130,2014,25718180,9.51,200,1,2
2,20211118131938130,2014,25718182,41.08,100,1,2
2,20211118131938130,2013,25875200,59.02,100,2,2
2,20211118131938130,2013,25875201,59.02,100,2,2
2,20211118131938130,2013,25875202,59.02,700,2,2
2,20211118131938130,2013,25875203,59.02,300,2,2
2,20211118131938130,2013,25875204,59.02,200,2,2
2,20211118131938130,2013,25875205,59.02,200,2,2
2,20211118131938130,2014,25718183,7.42,400,1,2
2,20211118131938130,2014,25718184,27.5,900,1,2
2,20211118131938130,2012,25553369,57.01,100,1,2
2,20211118131938130,2013,25875206,59.02,100,2,2
2,20211118131938130,2013,25875207,59.02,600,2,2
2,20211118131938130,2012,25553372,10.93,4600,1,2
2,20211118131938130,2011,26019172,6.29,100,2,2
2,20211118131938130,2011,26019173,44.56,100,1,2
2,20211118131938140,2011,26019174,14.33,100,2,2
2,20211118131938140,2011,26019175,4.75,6000,2,2
2,20211118131938140,2013,25875209,5.89,1900,2,2
2,20211118131938140,2021,587016,1.376,1500,2,2
2,20211118131938140,2013,25875212,90.5,500,1,2
2,20211118131938140,2011,26019177,20.31,500,2,2
2,20211118131938140,2011,26019178,36.18,200,1,2
2,20211118131938140,2033,6284867,263.368,470,1,2
2,20211118131938140,2033,6284868,165.1,290,1,2
2,20211118131938140,2021,587017,0.876,300000,1,2
2,20211118131938140,2021,587018,0.876,300000,1,2
2,20211118131938140,2021,587019,0.876,300000,1,2
2,20211118131938140,2021,587020,0.877,300000,2,2
2,20211118131938140,2021,587021,0.876,300000,1,2
2,20211118131938140,2021,587022,0.877,300000,2,2
2,20211118131938140,2011,26019180,8.88,2300,1,2
2,20211118131938140,2011,26019182,21.5,300,2,2
2,20211118131938140,2021,587023,0.877,300000,2,2
2,20211118131938140,2021,587024,0.877,300000,2,2
2,20211118131938140,2011,26019183,39.65,100,2,2
2,20211118131938140,2013,25875213,5.89,200,2,2
2,20211118131938140,2013,25875215,17.77,100,1,2
2,20211118131938140,2013,25875216,17.15,300,2,2
2,20211118131938130,2014,25718186,27.5,100,2,2
2,20211118131938140,2014,25718188,17.06,500,2,2
2,20211118131938140,2012,25553383,23.79,3300,2,2
2,20211118131938140,2012,25553384,56.99,1800,2,2
2,20211118131938140,2014,25718193,5.37,500,2,2
2,20211118131938140,2014,25718194,27.88,100,1,2
2,20211118131938140,2014,25718196,28.4,100,2,2
2,20211118131938140,2012,25553386,9.7,100,2,2
2,20211118131938140,2012,25553387,3.5,400,1,2
2,20211118131938140,2012,25553389,50.45,300,1,2
2,20211118131938140,2014,25718200,7.79,800,1,2
2,20211118131938140,2014,25718202,7.86,1100,1,2
2,20211118131938140,2014,25718203,15.27,100,1,2
2,20211118131938140,2034,6162952,421,500,1,2
2,20211118131938150,2011,26019185,6.29,100,1,2
2,20211118131938140,2012,25553390,68.29,100,2,2
2,20211118131938140,2012,25553391,30.28,100,1,2
2,20211118131938150,2011,26019187,23.19,100,2,2
2,20211118131938150,2013,25875221,18,200,2,2
2,20211118131938150,2013,25875222,3.12,1000,2,2
2,20211118131938150,2013,25875223,16,500,2,2
2,20211118131938150,2011,26019188,4.3,2000,2,2
2,20211118131938150,2011,26019189,109.14,100,2,2
2,20211118131938150,2011,26019191,6.29,114600,1,2
2,20211118131938150,2061,927208,2.331,890,2,2
2,20211118131938150,2011,26019192,25.02,200,2,2
2,20211118131938150,2011,26019193,142.99,200,2,2
2,20211118131938150,2011,26019194,84,100,1,2
2,20211118131938150,2011,26019195,32.9,1000,1,2
2,20211118131938160,2013,25875225,20.39,1100,1,2
2,20211118131938160,2011,26019197,2.4,5000,1,2
2,20211118131938140,2014,25718204,223.52,100,2,2
2,20211118131938150,2014,25718206,16.86,500,1,2
2,20211118131938150,2014,25718207,24.06,100,2,2
2,20211118131938140,2012,25553393,10.94,3000,2,2
2,20211118131938150,2014,25718209,14.22,900,1,2
2,20211118131938150,2014,25718210,25.04,100,2,2
2,20211118131938150,2012,25553394,9.56,300,2,2
2,20211118131938150,2012,25553395,10.94,200,2,2
2,20211118131938150,2012,25553396,168,500,2,2
2,20211118131938150,2014,25718211,14.27,100,1,2
2,20211118131938150,2014,25718212,33.47,500,1,2
2,20211118131938150,2014,25718213,4.28,1000,1,2
2,20211118131938150,2034,6162954,421.61,10,1,2
2,20211118131938150,2012,25553397,124.49,100,1,2
2,20211118131938150,2014,25718214,15.73,1400,2,2
2,20211118131938150,2012,25553398,30.29,500,1,2
2,20211118131938150,2014,25718221,15.19,400,2,2
2,20211118131938150,2014,25718223,9.36,100,1,2
2,20211118131938150,2014,25718225,5.53,1000,1,2
2,20211118131938160,2012,25553399,91.12,100,2,2
2,20211118131938150,2034,6162955,424,50,2,2
2,20211118131938160,2034,6162956,364.319,200,2,2
2,20211118131938160,2014,25718226,3.74,9600,1,2
2,20211118131938160,2013,25875227,372.5,100,1,2
2,20211118131938160,2014,25718228,17.2,100,1,2
2,20211118131938160,2031,4954766,236.981,120,1,2
2,20211118131938160,2024,645015,0.985,120000,1,2
2,20211118131938160,2012,25553400,30.57,100,2,2
2,20211118131938160,2033,6284869,263.32,60,1,2
2,20211118131938160,2013,25875228,13.86,400,1,2
2,20211118131938160,2013,25875229,70.68,200,1,2
2,20211118131938160,2014,25718229,41.1,100,1,2
2,20211118131938160,2033,6284871,144.617,120,2,2
2,20211118131938160,2012,25553403,9.82,4100,2,2
2,20211118131938160,2012,25553404,49.16,300,2,2
2,20211118131938160,2012,25553405,2.29,1100,2,2
2,20211118131938160,2012,25553406,8.61,400,2,2
2,20211118131938160,2034,6162957,165.96,110,2,2
2,20211118131938160,2012,25553408,18.84,1900,1,2
2,20211118131938160,2011,26019199,27.24,4700,2,2
2,20211118131938160,2013,25875231,4,2000,2,2
2,20211118131938160,2032,2703219,141.799,130,2,2
2,20211118131938160,2012,25553409,47.98,100,2,2
2,20211118131938160,2014,25718231,27.64,100,2,2
2,20211118131938160,2011,26019202,15.78,1000,2,2
2,20211118131938160,2013,25875234,15.2,2000,2,2
2,20211118131938160,2013,25875235,24.38,3000,2,2
2,20211118131938160,2012,25553410,4.57,700,2,2
2,20211118131938160,2013,25875236,6.9,400,2,2
2,20211118131938170,2011,26019203,24.19,5700,1,2
2,20211118131938160,2034,6162959,421.66,60,1,2
2,20211118131938170,2011,26019204,4.49,3800,1,2
2,20211118131938170,2014,25718234,7.83,1900,1,2
2,20211118131938170,2061,927210,2.331,460,2,2
2,20211118131938170,2011,26019206,10.38,2000,2,2
2,20211118131938170,2011,26019207,15.22,300,2,2
2,20211118131938170,2012,25553411,10.93,400,2,2
2,20211118131938170,2032,2703223,142.071,80,1,2
2,20211118131938170,2014,25718235,27.52,200,2,2
2,20211118131938170,2011,26019209,6.72,300,2,2
2,20211118131938170,2031,4954767,238.37,10,1,2
2,20211118131938170,2014,25718236,8.36,500,1,2
2,20211118131938170,2014,25718238,27.71,100,2,2
2,20211118131938170,2021,587027,1.33,700,2,2
2,20211118131938170,2013,25875237,64.66,100,1,2
2,20211118131938170,2013,25875238,12.24,10000,1,2
2,20211118131938170,2032,2703227,142.121,80,1,2
2,20211118131938170,2011,26019210,109.1,200,2,2
2,20211118131938170,2011,26019213,7.02,500,1,2
2,20211118131938170,2061,927212,2.331,20,2,2
2,20211118131938170,2013,25875240,14.28,56100,2,2
2,20211118131938170,2033,6284873,263.552,100,1,2
2,20211118131938170,2032,2703228,142.299,60,2,2
2,20211118131938170,2011,26019214,6.29,100,2,2
2,20211118131938170,2011,26019215,13.2,100,2,2
2,20211118131938170,2013,25875242,4.23,2000,1,2
2,20211118131938180,2013,25875243,14.27,500,2,2
2,20211118131938170,2031,4954769,353,160,2,2
2,20211118131938180,2011,26019218,6.29,100,2,2
2,20211118131938180,2013,25875245,8.11,500,2,2
2,20211118131938180,2031,4954772,353,80,1,2
2,20211118131938180,2011,26019219,17.4,5000,2,2
2,20211118131938180,2031,4954773,118.404,20,1,2
2,20211118131938170,2012,25553414,20.22,200,2,2
2,20211118131938170,2012,25553415,102.5,100,1,2
2,20211118131938170,2032,2703230,142.122,80,1,2
2,20211118131938170,2014,25718239,10.01,100,1,2
2,20211118131938170,2012,25553416,39.67,100,2,2
2,20211118131938170,2012,25553418,49.82,200,2,2
2,20211118131938170,2014,25718241,27.54,27400,2,2
2,20211118131938170,2014,25718242,4.9,3000,1,2
2,20211118131938180,2012,25553420,10.05,500,2,2
2,20211118131938180,2012,25553422,18.49,5000,1,2
2,20211118131938170,2014,25718245,11.69,400,1,2
2,20211118131938170,2014,25718246,7.86,8000,1,2
2,20211118131938180,2012,25553426,49.82,300,2,2
2,20211118131938180,2014,25718247,58.58,300,2,2
2,20211118131938180,2014,25718250,127.67,100,2,2
2,20211118131938180,2012,25553427,9.48,1000,2,2
2,20211118131938180,2024,645018,1.071,150000,1,2
2,20211118131938180,2024,645019,1.072,150000,2,2
2,20211118131938180,2012,25553428,50.45,200,1,2
2,20211118131938180,2034,6162961,160.5,60,1,2
2,20211118131938180,2014,25718251,27.54,100,2,2
2,20211118131938180,2012,25553429,165.9,200,2,2
2,20211118131938180,2012,25553430,60.36,100,1,2
2,20211118131938180,2011,26019220,30.25,100,2,2
2,20211118131938180,2011,26019222,85.97,200,1,2
2,20211118131938180,2013,25875246,21.69,300,2,2
2,20211118131938180,2013,25875248,14.28,100,2,2
2,20211118131938180,2013,25875249,14.28,100,2,2
2,20211118131938180,2011,26019223,8.44,1500,2,2
2,20211118131938190,2011,26019225,109.5,100,2,2
2,20211118131938180,2061,927214,2.3,100,2,2
2,20211118131938180,2013,25875250,62,100,2,2
2,20211118131938180,2013,25875251,14.28,200,2,2
2,20211118131938190,2011,26019226,28.55,5100,1,2
2,20211118131938190,2031,4954774,127.93,20,1,2
2,20211118131938190,2013,25875252,20.37,200,2,2
2,20211118131938190,2013,25875253,3.5,1000,2,2
2,20211118131938190,2011,26019228,4.67,1000,2,2
2,20211118131938190,2021,587028,1.467,1000000,1,2
2,20211118131938190,2013,25875255,6.39,900,2,2
2,20211118131938190,2011,26019232,109.13,100,2,2
2,20211118131938190,2031,4954775,167.877,10,1,2
2,20211118131938190,2011,26019234,80.69,200,1,2
2,20211118131938190,2013,25875257,14.52,3000,2,2
2,20211118131938190,2013,25875258,45.64,100,2,2
2,20211118131938190,2013,25875260,49.5,100,1,2
2,20211118131938190,2033,6284875,111,30,1,2
2,20211118131938180,2014,25718253,16.38,100,1,2
2,20211118131938180,2014,25718254,9.54,4800,1,2
2,20211118131938180,2012,25553432,5.23,11600,1,2
2,20211118131938180,2012,25553434,20.52,400,2,2
2,20211118131938190,2012,25553435,4.87,100,1,2
2,20211118131938190,2011,26019237,3.82,4400,1,2
2,20211118131938190,2014,25718256,32.59,100,1,2
2,20211118131938190,2012,25553436,20.49,400,1,2
2,20211118131938190,2012,25553438,13.05,300,2,2
2,20211118131938190,2034,6162962,422,30,1,2
2,20211118131938190,2012,25553441,30.05,100,1,2
2,20211118131938190,2033,6284879,234.901,80,1,2
2,20211118131938190,2034,6162963,421.246,100,2,2
2,20211118131938190,2014,25718259,36.65,200,2,2
2,20211118131938190,2031,4954777,145.739,240,2,2
2,20211118131938200,2011,26019243,20,200,1,2
2,20211118131938190,2014,25718260,5.67,800,1,2
2,20211118131938190,2024,645020,0.985,250000,1,2
2,20211118131938200,2011,26019244,25.66,2200,1,2
2,20211118131938200,2013,25875262,59.2,200,2,2
2,20211118131938200,2011,26019246,24.16,1400,2,2
2,20211118131938200,2034,6162966,421.407,60,2,2
2,20211118131938200,2034,6162969,422.197,70,2,2
2,20211118131938200,2061,927216,2.3,440,2,2
2,20211118131938200,2013,25875263,6.39,100,2,2
2,20211118131938200,2011,26019248,21.97,200,2,2
2,20211118131938200,2034,6162970,422.197,30,2,2
2,20211118131938200,2014,25718262,2.39,9800,2,2
2,20211118131938200,2033,6284880,264.01,100,1,2
2,20211118131938200,2014,25718263,3.96,26100,2,2
2,20211118131938200,2014,25718264,3.33,2300,1,2
2,20211118131938200,2011,26019251,10.38,2200,1,2
2,20211118131938200,2013,25875266,13.86,400,1,2
2,20211118131938200,2024,645022,1.192,177000,1,2
2,20211118131938200,2034,6162971,422.005,50,1,2
2,20211118131938200,2033,6284881,110.752,10,1,2
2,20211118131938200,2011,26019255,30.26,1500,2,2
2,20211118131938200,2011,26019256,46.18,100,2,2
2,20211118131938200,2031,4954779,145.729,160,2,2
2,20211118131938200,2011,26019258,36.2,1600,2,2
2,20211118131938200,2011,26019260,14.28,1000,1,2
2,20211118131938200,2011,26019263,58.85,100,1,2
2,20211118131938200,2013,25875267,27.3,3000,2,2
2,20211118131938200,2013,25875268,52.35,500,2,2
2,20211118131938200,2013,25875271,45.64,300,2,2
2,20211118131938200,2031,4954780,353,20,2,2
2,20211118131938200,2013,25875274,16.03,200,2,2
2,20211118131938210,2013,25875276,6.82,11900,1,2
2,20211118131938200,2011,26019265,6.33,3200,2,2
2,20211118131938210,2034,6162973,279,240,2,2
2,20211118131938210,2014,25718265,36.65,500,2,2
2,20211118131938210,2013,25875289,45.65,100,2,2
2,20211118131938210,2032,2703231,371.6,10,1,2
2,20211118131938210,2031,4954782,353.638,160,2,2
2,20211118131938210,2011,26019266,17.73,10000,2,2
2,20211118131938210,2014,25718266,80.18,200,2,2
2,20211118131938210,2014,25718267,10.43,500,1,2
2,20211118131938210,2013,25875290,7.05,500,2,2
2,20211118131938210,2012,25553443,39.65,1000,2,2
2,20211118131938210,2011,26019273,72.05,100,1,2
2,20211118131938210,2012,25553447,5.18,4700,1,2
2,20211118131938210,2034,6162974,421.94,120,1,2
2,20211118131938210,2013,25875292,90.68,100,2,2
2,20211118131938210,2061,927218,2.336,2170,2,2
2,20211118131938210,2013,25875293,18.58,2000,1,2
2,20211118131938210,2013,25875294,62,100,1,2
2,20211118131938210,2012,25553448,13.06,200,2,2
2,20211118131938210,2013,25875295,29.93,200,1,2
2,20211118131938210,2012,25553449,12.8,400,1,2
2,20211118131938210,2011,26019274,58.84,100,2,2
2,20211118131938210,2011,26019276,39.66,300,2,2
2,20211118131938210,2011,26019277,29.95,2300,1,2
2,20211118131938210,2024,645023,1.195,176000,2,2
2,20211118131938210,2014,25718269,8.25,1000,1,2
2,20211118131938210,2013,25875297,14.5,100,2,2
2,20211118131938210,2013,25875300,19.2,300,1,2
2,20211118131938210,2011,26019278,20.28,600,2,2
2,20211118131938210,2011,26019281,58.91,2200,1,2
2,20211118131938210,2014,25718271,13.29,200,1,2
2,20211118131938210,2033,6284882,165.05,10,1,2
2,20211118131938210,2061,927219,2.34,210,2,2
2,20211118131938210,2014,25718272,14.85,200,2,2
2,20211118131938210,2012,25553452,165.92,100,2,2
2,20211118131938210,2012,25553453,81.56,1800,1,2
2,20211118131938210,2031,4954784,353.637,30,2,2
2,20211118131938210,2011,26019285,11.45,4600,2,2
2,20211118131938210,2011,26019286,28.05,2000,2,2
2,20211118131938210,2014,25718275,33.91,500,2,2
2,20211118131938210,2012,25553455,8.25,1500,2,2
2,20211118131938210,2012,25553459,8.25,400,2,2
2,20211118131938210,2012,25553461,8.25,500,2,2
2,20211118131938210,2012,25553463,8.25,700,2,2
2,20211118131938210,2012,25553465,8.25,700,2,2
2,20211118131938210,2012,25553468,8.25,500,2,2
2,20211118131938220,2012,25553470,8.25,400,2,2
2,20211118131938220,2012,25553472,8.25,3600,2,2
2,20211118131938220,2012,25553479,8.25,700,2,2
2,20211118131938220,2012,25553481,8.25,800,2,2
2,20211118131938220,2014,25718276,60.31,100,2,2
2,20211118131938220,2012,25553483,8.25,600,2,2
2,20211118131938220,2012,25553486,5.88,100,1,2
2,20211118131938220,2011,26019287,16.13,3000,2,2
2,20211118131938220,2013,25875302,187.16,200,1,2
2,20211118131938220,2061,927220,2.34,410,2,2
2,20211118131938220,2011,26019288,6.71,5000,2,2
2,20211118131938220,2014,25718278,17.06,200,2,2
2,20211118131938220,2012,25553488,9.43,400,1,2
2,20211118131938220,2031,4954785,418.56,10,2,2
2,20211118131938220,2011,26019289,6.89,1000,1,2
2,20211118131938220,2012,25553489,8.25,100,2,2
2,20211118131938220,2012,25553491,8.25,600,2,2
2,20211118131938220,2012,25553493,8.25,100,2,2
2,20211118131938220,2012,25553495,8.25,500,2,2
2,20211118131938220,2012,25553498,8.25,700,2,2
2,20211118131938220,2014,25718280,127.67,100,1,2
2,20211118131938220,2012,25553500,8.25,400,2,2
2,20211118131938220,2012,25553502,8.25,800,2,2
2,20211118131938220,2012,25553505,8.25,200,2,2
2,20211118131938220,2012,25553508,8.25,800,2,2
2,20211118131938220,2012,25553511,8.25,200,2,2
2,20211118131938220,2012,25553513,8.25,300,2,2
2,20211118131938220,2012,25553515,8.25,600,2,2
2,20211118131938220,2012,25553518,8.25,300,2,2
2,20211118131938220,2012,25553520,8.25,300,2,2
2,20211118131938220,2012,25553522,8.25,300,2,2
2,20211118131938220,2012,25553524,8.25,1000,2,2
2,20211118131938220,2012,25553526,8.25,900,2,2
2,20211118131938220,2012,25553528,8.25,600,2,2
2,20211118131938220,2012,25553530,8.25,600,2,2
2,20211118131938220,2012,25553532,8.25,200,2,2
2,20211118131938220,2012,25553534,8.25,500,2,2
2,20211118131938220,2012,25553538,8.25,700,2,2
2,20211118131938220,2012,25553540,8.25,1000,2,2
2,20211118131938220,2012,25553543,8.25,700,2,2
2,20211118131938220,2012,25553546,8.25,1300,2,2
2,20211118131938220,2012,25553548,8.25,100,2,2
2,20211118131938220,2012,25553550,8.25,900,2,2
2,20211118131938220,2012,25553552,8.25,800,2,2
2,20211118131938220,2012,25553554,8.25,1000,2,2
2,20211118131938220,2012,25553556,8.25,300,2,2
2,20211118131938220,2012,25553558,8.25,200,2,2
2,20211118131938220,2012,25553560,8.25,200,2,2
2,20211118131938220,2012,25553562,8.25,600,2,2
2,20211118131938220,2012,25553564,8.25,400,2,2
2,20211118131938220,2012,25553566,8.25,600,2,2
2,20211118131938220,2012,25553568,8.25,1300,2,2
2,20211118131938220,2012,25553572,8.25,500,2,2
2,20211118131938220,2012,25553574,8.25,600,2,2
2,20211118131938220,2012,25553576,8.25,200,2,2
2,20211118131938220,2012,25553578,8.25,300,2,2
2,20211118131938220,2012,25553580,8.25,100,2,2
2,20211118131938220,2012,25553582,8.25,300,2,2
2,20211118131938220,2012,25553585,8.25,300,2,2
2,20211118131938220,2012,25553587,8.25,500,2,2
2,20211118131938220,2012,25553591,8.25,200,2,2
2,20211118131938220,2012,25553593,8.25,100,2,2
2,20211118131938220,2012,25553595,8.25,900,2,2
2,20211118131938220,2012,25553597,8.25,200,2,2
2,20211118131938220,2012,25553599,8.25,600,2,2
2,20211118131938220,2011,26019291,32.9,300,1,2
2,20211118131938220,2013,25875306,5.96,300,2,2
2,20211118131938220,2012,25553601,8.25,300,2,2
2,20211118131938220,2012,25553603,8.25,700,2,2
2,20211118131938220,2013,25875308,3.98,600,1,2
2,20211118131938220,2013,25875309,19.06,100,1,2
2,20211118131938220,2012,25553606,8.25,2100,2,2
2,20211118131938220,2012,25553611,8.25,100,2,2
2,20211118131938220,2012,25553613,8.25,300,2,2
2,20211118131938220,2012,25553615,8.25,400,2,2
2,20211118131938220,2012,25553618,30.56,100,1,2
2,20211118131938220,2012,25553619,8.25,200,2,2
2,20211118131938220,2012,25553621,8.25,400,2,2
2,20211118131938220,2012,25553623,8.25,900,2,2
2,20211118131938220,2012,25553625,8.25,300,2,2
2,20211118131938220,2012,25553628,8.25,200,2,2
2,20211118131938220,2012,25553630,8.25,300,2,2
2,20211118131938220,2011,26019292,8.44,200,2,2
2,20211118131938220,2031,4954788,193.6,30,1,2
2,20211118131938220,2013,25875311,4.4,100,2,2
2,20211118131938220,2013,25875312,11.48,1000,2,2
2,20211118131938220,2031,4954791,353.001,10,1,2
2,20211118131938220,2011,26019294,8.84,1000,2,2
2,20211118131938220,2011,26019296,8.44,4400,1,2
2,20211118131938220,2021,587029,0.875,1000,1,2
2,20211118131938220,2011,26019297,13.2,100,2,2
2,20211118131938220,2011,26019299,11.53,2000,1,2
2,20211118131938220,2013,25875313,34.09,600,2,2
2,20211118131938230,2013,25875315,49.5,300,1,2
2,20211118131938230,2061,927221,2.331,140,2,2
2,20211118131938230,2011,26019300,4.53,500,1,2
2,20211118131938230,2011,26019301,3.34,700,1,2
2,20211118131938230,2011,26019302,21.68,200,1,2
2,20211118131938230,2031,4954792,127.934,130,1,2
2,20211118131938230,2013,25875316,16.07,4000,2,2
2,20211118131938230,2013,25875317,62.99,100,1,2
2,20211118131938230,2013,25875318,23.49,100,1,2
2,20211118131938230,2011,26019303,31.98,100,1,2
2,20211118131938230,2011,26019304,109.13,300,2,2
2,20211118131938230,2011,26019307,35.92,500,1,2
2,20211118131938230,2013,25875319,212,100,2,2
2,20211118131938230,2013,25875321,4.19,1000,2,2
2,20211118131938220,2012,25553632,8.25,400,2,2
2,20211118131938220,2012,25553633,8.25,300,2,2
2,20211118131938220,2012,25553634,8.25,200,2,2
2,20211118131938220,2012,25553635,10.6,500,1,2
2,20211118131938230,2011,26019308,8.89,1700,2,2
2,20211118131938230,2011,26019309,11.55,100,1,2
2,20211118131938220,2012,25553636,8.25,700,2,2
2,20211118131938220,2012,25553637,8.25,300,2,2
2,20211118131938220,2012,25553638,6.05,1000,1,2
2,20211118131938220,2012,25553639,8.25,500,2,2
2,20211118131938220,2012,25553640,0,92100,1,1
2,20211118131938220,2012,25553656,8.25,100,2,2
2,20211118131938220,2012,25553657,8.25,300,2,2
2,20211118131938220,2012,25553658,8.25,400,2,2
2,20211118131938220,2012,25553659,8.25,200,2,2
2,20211118131938220,2012,25553660,8.25,400,2,2
2,20211118131938220,2012,25553661,8.25,400,2,2
2,20211118131938220,2012,25553662,8.25,300,2,2
2,20211118131938220,2012,25553663,8.25,100,2,2
2,20211118131938220,2012,25553664,8.25,200,2,2
2,20211118131938220,2012,25553665,8.25,500,2,2
2,20211118131938220,2012,25553666,8.25,300,2,2
2,20211118131938220,2012,25553667,35.54,300,1,2
2,20211118131938220,2012,25553669,8.25,200,2,2
2,20211118131938220,2012,25553670,8.25,100,2,2
2,20211118131938220,2012,25553671,8.25,100,2,2
2,20211118131938220,2012,25553672,8.25,200,2,2
2,20211118131938220,2012,25553673,8.25,200,2,2
2,20211118131938220,2012,25553674,8.25,100,2,2
2,20211118131938220,2012,25553675,8.25,300,2,2
2,20211118131938220,2012,25553676,8.25,100,2,2
2,20211118131938220,2012,25553677,8.25,100,2,2
2,20211118131938220,2012,25553678,8.25,300,2,2
2,20211118131938220,2012,25553679,8.25,200,2,2
2,20211118131938220,2012,25553680,8.25,200,2,2
2,20211118131938220,2012,25553681,8.25,100,2,2
2,20211118131938220,2012,25553682,8.25,200,2,2
2,20211118131938230,2033,6284883,263.513,310,1,2
2,20211118131938230,2011,26019311,30.58,1000,2,2
2,20211118131938230,2031,4954793,193.25,10,1,2
2,20211118131938230,2011,26019312,6.32,2000,1,2
2,20211118131938230,2011,26019313,32.15,100,2,2
2,20211118131938230,2011,26019315,60,800,1,2
2,20211118131938240,2013,25875322,11.82,10000,1,2
2,20211118131938240,2011,26019316,23.63,100,1,2
2,20211118131938240,2013,25875330,4.89,1200,2,2
2,20211118131938240,2013,25875331,5.72,300,1,2
2,20211118131938240,2011,26019317,52,100,2,2
2,20211118131938240,2011,26019318,5.6,100,1,2
2,20211118131938240,2013,25875333,27.9,5000,2,2
2,20211118131938240,2013,25875334,4.52,100,1,2
2,20211118131938240,2061,927223,2.331,180,2,2
2,20211118131938240,2061,927225,2.331,20,2,2
2,20211118131938240,2013,25875336,28.22,200,2,2
2,20211118131938240,2013,25875338,25.25,1900,2,2
2,20211118131938240,2011,26019319,15.56,1000,2,2
2,20211118131938220,2012,25553683,8.25,200,2,2
2,20211118131938220,2012,25553684,4.87,100,2,2
2,20211118131938220,2012,25553685,8.25,100,2,2
2,20211118131938220,2012,25553686,8.25,100,2,2
2,20211118131938240,2013,25875339,29.77,100,1,2
2,20211118131938220,2012,25553687,8.25,100,2,2
2,20211118131938220,2012,25553688,8.25,100,2,2
2,20211118131938220,2012,25553689,8.25,100,2,2
2,20211118131938220,2012,25553690,8.25,100,2,2
2,20211118131938220,2012,25553691,8.25,400,2,2
2,20211118131938220,2012,25553692,8.25,1100,2,2
2,20211118131938220,2012,25553693,8.25,100,2,2
2,20211118131938220,2012,25553695,43.15,200,1,2
2,20211118131938220,2012,25553699,8.25,100,2,2
2,20211118131938220,2012,25553700,8.25,100,2,2
2,20211118131938230,2012,25553701,43.12,1200,1,2
2,20211118131938230,2012,25553702,8.25,400,2,2
2,20211118131938230,2014,25718283,27.4,100,1,2
2,20211118131938230,2034,6162976,163.099,10,1,2
2,20211118131938230,2034,6162977,421.246,10,1,2
2,20211118131938230,2012,25553704,6.09,1000,2,2
2,20211118131938230,2012,25553706,8.25,100,2,2
2,20211118131938230,2012,25553707,8.25,100,2,2
2,20211118131938230,2012,25553708,8.25,200,2,2
2,20211118131938230,2012,25553709,8.25,200,2,2
2,20211118131938230,2012,25553714,8.5,100,2,2
2,20211118131938230,2014,25718285,27.71,300,1,2
2,20211118131938230,2014,25718287,35.66,2000,1,2
2,20211118131938230,2012,25553715,9.12,600,2,2
2,20211118131938230,2034,6162978,163.097,10,2,2
2,20211118131938230,2034,6162983,421.727,140,1,2
2,20211118131938230,2034,6162984,163.099,10,2,2
2,20211118131938230,2012,25553717,165.9,200,2,2
2,20211118131938230,2012,25553718,9.55,500,2,2
2,20211118131938230,2012,25553719,10.06,2500,2,2
2,20211118131938230,2012,25553720,0,100,1,U
2,20211118131938240,2011,26019320,24.11,3900,2,2
2,20211118131938240,2011,26019321,15.1,10000,2,2
2,20211118131938250,2013,25875342,4.52,100,1,2
2,20211118131938250,2011,26019325,15.56,100,2,2
2,20211118131938250,2011,26019326,296.2,100,2,2
2,20211118131938250,2033,6284885,104.563,10,1,2
2,20211118131938250,2011,26019330,85.97,200,2,2
2,20211118131938250,2013,25875344,4.05,200,2,2
2,20211118131938250,2013,25875345,8.16,1000,2,2
2,20211118131938250,2013,25875346,25.93,200,1,2
2,20211118131938250,2033,6284886,205.3,180,2,2
2,20211118131938250,2033,6284887,165.046,470,2,2
2,20211118131938250,2011,26019333,4.64,100,1,2
2,20211118131938250,2061,927227,2.331,850,2,2
2,20211118131938250,2061,927229,2.337,470,2,2
2,20211118131938230,2012,25553721,15.71,100,2,2
2,20211118131938230,2024,645024,0.988,120000,2,2
2,20211118131938240,2012,25553722,5.21,5000,1,2
2,20211118131938240,2014,25718290,9.2,500,1,2
2,20211118131938240,2014,25718293,4.9,1000,1,2
2,20211118131938240,2012,25553723,15.32,2700,1,2
2,20211118131938240,2012,25553724,39.99,2000,2,2
2,20211118131938240,2014,25718296,18.14,400,2,2
2,20211118131938240,2012,25553728,15.3,1200,2,2
2,20211118131938240,2012,25553730,8.25,3500,2,2
2,20211118131938240,2012,25553731,102.5,1000,1,2
2,20211118131938240,2034,6162986,421.62,80,2,2
2,20211118131938240,2012,25553733,165.9,500,2,2
2,20211118131938240,2012,25553734,8.43,200,1,2
2,20211118131938240,2014,25718298,17,500,2,2
2,20211118131938240,2014,25718299,39.8,400,2,2
2,20211118131938240,2014,25718300,28.3,300,2,2
2,20211118131938240,2034,6162990,425,20,2,2
2,20211118131938240,2012,25553736,8.98,5600,1,2
2,20211118131938250,2012,25553742,29.67,200,2,2
2,20211118131938260,2011,26019334,3.25,3000,1,2
2,20211118131938260,2011,26019335,109.6,100,2,2
2,20211118131938260,2011,26019336,48.7,200,1,2
2,20211118131938260,2031,4954796,205.55,150,1,2
2,20211118131938260,2013,25875349,14,100,1,2
2,20211118131938260,2013,25875350,13.03,600,2,2
2,20211118131938260,2011,26019337,42,600,2,2
2,20211118131938260,2011,26019338,8.8,900,1,2
2,20211118131938260,2011,26019339,72.15,100,1,2
2,20211118131938260,2013,25875351,11.13,400,2,2
2,20211118131938260,2011,26019343,16.88,500,1,2
2,20211118131938260,2033,6284892,263.5,330,1,2
2,20211118131938260,2011,26019344,22.61,200,2,2
2,20211118131938260,2011,26019347,20.95,1300,1,2
2,20211118131938260,2013,25875352,8.66,500,2,2
2,20211118131938260,2031,4954797,237.382,110,2,2
2,20211118131938260,2031,4954798,125.281,100,2,2
2,20211118131938260,2013,25875353,25.93,1600,2,2
2,20211118131938250,2014,25718302,59.5,100,2,2
2,20211118131938250,2012,25553745,102.5,100,1,2
2,20211118131938250,2012,25553746,7.06,300,1,2
2,20211118131938260,2011,26019351,17.68,400,2,2
2,20211118131938250,2034,6162991,365.5,40,2,2
2,20211118131938250,2012,25553748,15.55,400,2,2
2,20211118131938250,2012,25553751,9.05,100000,2,2
2,20211118131938250,2012,25553752,5.85,500,1,2
2,20211118131938250,2012,25553753,135.96,200,1,2
2,20211118131938250,2012,25553754,22.77,5700,2,2
2,20211118131938250,2034,6162992,138.356,360,1,2
2,20211118131938250,2012,25553755,170,200,2,2
2,20211118131938250,2012,25553756,11.58,200,2,2
2,20211118131938250,2014,25718304,59.5,200,2,2
2,20211118131938250,2014,25718305,45.52,500,1,2
2,20211118131938250,2014,25718306,9.21,1600,2,2
2,20211118131938250,2034,6162995,138.372,110,1,2
2,20211118131938250,2032,2703234,186.1,30,2,2
2,20211118131938250,2034,6162997,138.3,20,1,2
2,20211118131938250,2014,25718307,9.21,6700,2,2
2,20211118131938260,2014,25718308,33.91,100,2,2
2,20211118131938260,2012,25553757,50.12,1000,1,2
2,20211118131938260,2014,25718310,32.6,500,1,2
2,20211118131938260,2014,25718311,14.95,1500,2,2
2,20211118131938260,2014,25718312,15.85,200,1,2
2,20211118131938260,2034,6162999,138.48,290,2,2
2,20211118131938260,2014,25718314,5.66,600,1,2
2,20211118131938270,2011,26019353,109.5,200,2,2
2,20211118131938270,2011,26019354,15.97,400,1,2
2,20211118131938270,2013,25875355,26.96,100,2,2
2,20211118131938270,2013,25875357,7.97,100,2,2
2,20211118131938270,2013,25875358,3.64,100,2,2
2,20211118131938270,2013,25875359,12.6,100,2,2
2,20211118131938270,2013,25875361,8.74,400,2,2
2,20211118131938270,2011,26019355,11.87,1000,2,2
2,20211118131938270,2011,26019356,72.05,300,1,2
2,20211118131938270,2011,26019357,29.05,1700,2,2
2,20211118131938270,2013,25875366,13.51,15800,2,2
2,20211118131938260,2012,25553758,30.07,100,2,2
2,20211118131938260,2012,25553760,22.77,200,2,2
2,20211118131938260,2032,2703237,304.74,30,2,2
2,20211118131938260,2014,25718316,44.5,1000,1,2
2,20211118131938280,2013,25875367,18.89,3000,1,2
2,20211118131938260,2012,25553761,22.77,200,2,2
2,20211118131938260,2012,25553762,11.34,100,1,2
2,20211118131938260,2012,25553763,22.77,600,2,2
2,20211118131938270,2012,25553764,15.1,300,2,2
2,20211118131938270,2012,25553765,21.13,200,1,2
2,20211118131938270,2012,25553767,22.77,600,2,2
2,20211118131938270,2014,25718319,15.23,600,2,2
2,20211118131938270,2022,484752,12.994,1000,1,2
2,20211118131938270,2034,6163000,421,1200,1,2
2,20211118131938270,2022,484754,12.988,10000,1,2
2,20211118131938270,2014,25718320,15.28,15000,1,2
2,20211118131938270,2012,25553769,22.77,2600,2,2
2,20211118131938270,2012,25553770,22.77,400,2,2
2,20211118131938270,2012,25553771,13.83,16800,2,2
2,20211118131938280,2011,26019360,53,1000,1,2
2,20211118131938280,2013,25875368,187.16,100,1,2
2,20211118131938280,2013,25875370,9.08,1100,1,2
2,20211118131938280,2011,26019361,13.3,2100,2,2
2,20211118131938280,2013,25875372,20.9,500,1,2
2,20211118131938280,2033,6284896,165.131,100,1,2
2,20211118131938280,2033,6284898,165.131,130,1,2
2,20211118131938280,2061,927230,2.335,80,2,2
2,20211118131938280,2013,25875373,3.83,300,2,2
2,20211118131938290,2013,25875374,2.94,3500,1,2
2,20211118131938280,2021,587031,0.887,220000,1,2
2,20211118131938280,2031,4954800,353.635,50,2,2
2,20211118131938270,2012,25553772,22.77,400,2,2
2,20211118131938270,2014,25718326,9.21,1800,2,2
2,20211118131938270,2034,6163001,364.4,10,1,2
2,20211118131938270,2032,2703238,141.9,80,2,2
2,20211118131938270,2012,25553773,4.69,3800,2,2
2,20211118131938270,2014,25718327,28.3,1500,2,2
2,20211118131938280,2032,2703240,250.989,30,2,2
2,20211118131938280,2012,25553779,5.89,100,2,2
2,20211118131938280,2014,25718328,26.63,5000,2,2
2,20211118131938280,2024,645028,0.988,250000,2,2
2,20211118131938280,2032,2703243,142.298,140,2,2
2,20211118131938280,2012,25553782,9.3,200,2,2
2,20211118131938280,2014,25718329,9.55,1300,2,2
2,20211118131938280,2014,25718330,44.5,3000,1,2
2,20211118131938280,2022,484756,13.005,11000,2,2
2,20211118131938280,2022,484757,12.996,3000,1,2
2,20211118131938290,2013,25875375,3.72,26000,2,2
2,20211118131938280,2032,2703245,246.195,30,1,2
2,20211118131938290,2031,4954802,353.634,30,2,2
2,20211118131938290,2031,4954803,193.029,100,1,2
2,20211118131938290,2013,25875384,19.43,1000,1,2
2,20211118131938290,2013,25875385,3.69,200,1,2
2,20211118131938290,2013,25875387,19.07,3300,1,2
2,20211118131938290,2033,6284900,230.709,100,2,2
2,20211118131938290,2013,25875390,34,200,1,2
2,20211118131938300,2013,25875391,8.74,200,2,2
2,20211118131938300,2033,6284903,263.32,10,1,2
2,20211118131938300,2011,26019363,4.91,50000,2,2
2,20211118131938300,2011,26019380,3,4000,1,2
2,20211118131938300,2011,26019381,20.29,2900,1,2
2,20211118131938300,2013,25875394,11.88,1100,1,2
2,20211118131938280,2014,25718331,3.33,3000,2,2
2,20211118131938280,2014,25718333,9.2,700,1,2
2,20211118131938280,2014,25718334,4.89,200,1,2
2,20211118131938280,2012,25553784,7.44,500,2,2
2,20211118131938280,2032,2703247,250.6,40,2,2
2,20211118131938280,2032,2703249,246.015,10,1,2
2,20211118131938290,2012,25553785,4.69,200,1,2
2,20211118131938290,2012,25553786,9.46,800,2,2
2,20211118131938290,2012,25553787,25.13,5000,1,2
2,20211118131938290,2012,25553788,30.58,9200,2,2
2,20211118131938290,2034,6163004,422,80,1,2
2,20211118131938290,2022,484761,12.997,4000,2,2
2,20211118131938290,2012,25553791,17.67,200,2,2
2,20211118131938290,2014,25718336,29.5,300,1,2
2,20211118131938290,2012,25553793,13.32,900,1,2
2,20211118131938290,2012,25553794,17.9,1500,1,2
2,20211118131938290,2022,484762,13.034,7700,2,2
2,20211118131938290,2014,25718338,80.15,500,2,2
2,20211118131938290,2022,484765,12.958,7800,1,2
2,20211118131938300,2011,26019385,48,100,1,2
2,20211118131938300,2013,25875395,5.62,1100,2,2
2,20211118131938300,2013,25875397,29.8,100,1,2
2,20211118131938300,2013,25875398,4.71,500,2,2
2,20211118131938300,2013,25875399,3.75,100,2,2
2,20211118131938300,2013,25875403,9.29,400,2,2
2,20211118131938300,2013,25875404,133.75,100,2,2
2,20211118131938300,2013,25875405,3.63,2000,2,2
2,20211118131938300,2013,25875407,5.62,300,2,2
2,20211118131938300,2013,25875409,22.46,100,2,2
2,20211118131938300,2021,587032,0.875,1000000,1,2
2,20211118131938300,2011,26019388,21.5,100,2,2
2,20211118131938310,2011,26019389,17.5,300,1,2
2,20211118131938300,2021,587033,0.875,1000000,1,2
2,20211118131938310,2013,25875410,27.29,100,2,2
2,20211118131938310,2013,25875412,21,100,1,2
2,20211118131938310,2013,25875413,4.05,3500,1,2
2,20211118131938310,2013,25875415,6.85,1000,2,2
2,20211118131938310,2013,25875416,12.6,10000,1,2
2,20211118131938310,2013,25875417,28.02,1000,1,2
2,20211118131938290,2034,6163005,184.899,100,2,2
2,20211118131938300,2014,25718341,9.21,2500,2,2
2,20211118131938300,2014,25718342,6.78,100,2,2
2,20211118131938290,2012,25553796,3.58,8800,1,2
2,20211118131938290,2032,2703250,186.381,190,2,2
2,20211118131938290,2012,25553800,19.29,300,1,2
2,20211118131938300,2014,25718346,2.37,14000,2,2
2,20211118131938300,2012,25553802,4.56,600,1,2
2,20211118131938300,2012,25553804,166,100,2,2
2,20211118131938300,2012,25553805,26.59,1200,1,2
2,20211118131938300,2014,25718348,9.21,25000,2,2
2,20211118131938300,2014,25718349,9.21,5000,2,2
2,20211118131938300,2014,25718351,25.44,100,2,2
2,20211118131938300,2022,484766,12.999,1100,2,2
2,20211118131938300,2014,25718353,25.44,200,2,2
2,20211118131938300,2034,6163006,421.66,20,1,2
2,20211118131938300,2012,25553808,49.82,500,1,2
2,20211118131938300,2012,25553810,49.8,400,1,2
2,20211118131938300,2024,645029,0.984,150000,1,2
2,20211118131938300,2014,25718355,28.41,300,2,2
2,20211118131938300,2014,25718356,23.99,1000,1,2
2,20211118131938310,2031,4954806,353.633,160,2,2
2,20211118131938310,2013,25875418,5.85,100,2,2
2,20211118131938310,2013,25875421,10.62,1200,1,2
2,20211118131938310,2013,25875423,23.26,100,1,2
2,20211118131938310,2013,25875424,19.41,200,1,2
2,20211118131938310,2013,25875425,18.8,300,1,2
2,20211118131938310,2033,6284904,235,10,1,2
2,20211118131938310,2021,587034,0.875,1000000,1,2
2,20211118131938310,2011,26019392,19.71,200,1,2
2,20211118131938310,2011,26019394,28.33,200,2,2
2,20211118131938320,2013,25875427,316.1,100,1,2
2,20211118131938310,2031,4954809,205.79,350,2,2
2,20211118131938320,2031,4954813,353.632,30,2,2
2,20211118131938320,2031,4954814,205.907,50,1,2
2,20211118131938320,2011,26019395,9.08,200,1,2
2,20211118131938320,2011,26019396,110,100,2,2
2,20211118131938320,2023,656842,1.511,150000,2,2
2,20211118131938320,2031,4954815,167.877,20,1,2
2,20211118131938320,2011,26019397,39.96,600,2,2
2,20211118131938320,2013,25875428,7.81,600,1,2
2,20211118131938310,2014,25718357,9.8,400,2,2
2,20211118131938310,2012,25553812,9.48,300,2,2
2,20211118131938310,2012,25553813,36.66,1600,2,2
2,20211118131938320,2031,4954816,353.597,290,2,2
2,20211118131938320,2011,26019398,15.29,500,1,2
2,20211118131938310,2014,25718358,47.82,600,2,2
2,20211118131938310,2012,25553818,165.9,100,2,2
2,20211118131938310,2012,25553819,26.58,600,2,2
2,20211118131938310,2012,25553823,29.15,500,1,2
2,20211118131938310,2014,25718359,18.6,500,2,2
2,20211118131938310,2034,6163007,364.6,60,1,2
2,20211118131938310,2014,25718361,5.1,500,1,2
2,20211118131938320,2034,6163010,363.428,30,1,2
2,20211118131938310,2012,25553827,14.85,300,1,2
2,20211118131938310,2012,25553828,8.97,100,2,2
2,20211118131938310,2012,25553830,8.97,100,2,2
2,20211118131938320,2013,25875429,5.62,200,2,2
2,20211118131938320,2034,6163011,364,10,1,2
2,20211118131938320,2023,656844,1.512,150000,2,2
2,20211118131938320,2023,656845,1.509,150000,1,2
2,20211118131938320,2013,25875431,34.5,5000,1,2
2,20211118131938320,2024,645030,1.091,140200,2,2
2,20211118131938320,2023,656847,1.508,150000,1,2
2,20211118131938320,2013,25875432,16.02,2500,1,2
2,20211118131938330,2031,4954820,353.596,30,2,2
2,20211118131938330,2031,4954821,353.596,60,2,2
2,20211118131938330,2013,25875433,2.94,1000,1,2
2,20211118131938330,2013,25875434,132.6,100,1,2
2,20211118131938330,2013,25875435,133.6,100,2,2
2,20211118131938330,2013,25875436,27.58,100,2,2
2,20211118131938330,2013,25875438,112.09,1000,2,2
2,20211118131938320,2014,25718364,55.01,200,1,2
2,20211118131938330,2031,4954822,353.591,40,2,2
2,20211118131938320,2012,25553835,15.71,100,2,2
2,20211118131938330,2013,25875440,11.9,300,2,2
2,20211118131938330,2013,25875441,31.82,1000,2,2
2,20211118131938320,2014,25718365,18.61,400,1,2
2,20211118131938330,2013,25875444,10.23,300,1,2
2,20211118131938320,2012,25553836,10.8,1400,2,2
2,20211118131938320,2012,25553839,29.14,1000,2,2
2,20211118131938320,2012,25553841,7.18,1000,2,2
2,20211118131938320,2024,645031,1.092,140200,2,2
2,20211118131938320,2024,645033,1.089,140200,1,2
2,20211118131938320,2034,6163014,363.438,80,1,2
2,20211118131938320,2014,25718366,57.3,200,2,2
2,20211118131938320,2014,25718367,33.9,200,1,2
2,20211118131938330,2034,6163015,363.443,30,1,2
2,20211118131938330,2014,25718369,14.21,300,1,2
2,20211118131938320,2024,645035,1.088,140200,1,2
2,20211118131938320,2012,25553843,167.18,100,2,2
2,20211118131938320,2032,2703251,246.25,60,2,2
2,20211118131938330,2034,6163017,363.453,70,1,2
2,20211118131938330,2011,26019401,58.56,400,2,2
2,20211118131938330,2012,25553845,10.4,1300,2,2
2,20211118131938330,2012,25553846,5.92,1700,2,2
2,20211118131938330,2012,25553847,44.8,100,1,2
2,20211118131938330,2011,26019403,3.63,5000,2,2
2,20211118131938330,2013,25875445,45.6,1300,2,2
2,20211118131938330,2013,25875446,20.08,1200,2,2
2,20211118131938330,2013,25875447,4.34,3000,2,2
2,20211118131938330,2011,26019404,59.49,100,1,2
2,20211118131938330,2011,26019405,6.73,1300,2,2
2,20211118131938340,2013,25875450,27.83,600,2,2
2,20211118131938330,2011,26019408,110.8,100,2,2
2,20211118131938340,2011,26019409,24.27,200,1,2
2,20211118131938340,2011,26019410,14.18,5000,1,2
2,20211118131938340,2011,26019413,45.86,200,1,2
2,20211118131938340,2031,4954824,353.59,30,2,2
2,20211118131938340,2013,25875451,5.25,600,2,2
2,20211118131938340,2013,25875453,19.11,300,1,2
2,20211118131938340,2011,26019414,63.83,100,2,2
2,20211118131938340,2011,26019415,4,1700,2,2
2,20211118131938340,2013,25875454,22.2,500,2,2
2,20211118131938340,2013,25875456,34.13,1700,1,2
2,20211118131938340,2011,26019418,11.29,100,1,2
2,20211118131938340,2011,26019420,110.12,400,2,2
2,20211118131938340,2011,26019425,9.29,400,1,2
2,20211118131938340,2013,25875458,18.04,1000,2,2
2,20211118131938330,2034,6163018,421.246,20,1,2
2,20211118131938330,2014,25718370,34.87,400,1,2
2,20211118131938330,2012,25553849,1.92,2000,2,2
2,20211118131938330,2034,6163019,422,10,2,2
2,20211118131938330,2014,25718372,31.12,100,2,2
2,20211118131938340,2012,25553851,21.3,500,1,2
2,20211118131938340,2012,25553854,165.92,600,2,2
2,20211118131938330,2014,25718373,28.39,100,2,2
2,20211118131938340,2014,25718375,8.66,1000,1,2
2,20211118131938340,2014,25718378,4.89,10000,1,2
2,20211118131938340,2014,25718379,25.83,300,1,2
2,20211118131938340,2012,25553855,5.23,4700,2,2
2,20211118131938340,2013,25875459,5.25,100,2,2
2,20211118131938340,2013,25875461,5.25,100,2,2
2,20211118131938340,2011,26019426,17.4,1000,1,2
2,20211118131938340,2061,927231,2.35,50,2,2
2,20211118131938340,2013,25875464,5.25,100,2,2
2,20211118131938350,2013,25875466,5.96,1300,2,2
2,20211118131938350,2061,927232,2.331,500,2,2
2,20211118131938350,2013,25875470,5.96,300,2,2
2,20211118131938350,2013,25875472,5.96,300,2,2
2,20211118131938350,2011,26019430,26.23,2600,2,2
2,20211118131938350,2011,26019433,47.32,400,1,2
2,20211118131938350,2061,927234,2.35,510,2,2
2,20211118131938350,2013,25875475,6.03,1200,2,2
2,20211118131938350,2011,26019434,13.96,3600,2,2
2,20211118131938350,2011,26019436,11.1,300,2,2
2,20211118131938350,2031,4954825,417.512,50,2,2
2,20211118131938340,2014,25718381,7.92,2500,2,2
2,20211118131938340,2024,645039,0.988,150000,2,2
2,20211118131938340,2012,25553879,45.05,400,1,2
2,20211118131938340,2014,25718385,27.64,100,2,2
2,20211118131938340,2014,25718387,4.89,2200,1,2
2,20211118131938340,2034,6163022,137.89,100,2,2
2,20211118131938340,2012,25553881,19.9,5000,1,2
2,20211118131938350,2012,25553882,15,5000,1,2
2,20211118131938350,2012,25553884,102.35,100,1,2
2,20211118131938350,2014,25718390,13.06,300,1,2
2,20211118131938350,2014,25718392,13.06,300,1,2
2,20211118131938350,2014,25718394,13.06,2200,1,2
2,20211118131938350,2034,6163024,137.89,70,1,2
2,20211118131938350,2034,6163026,137.893,310,1,2
2,20211118131938350,2034,6163028,137.89,50,1,2
2,20211118131938350,2034,6163029,137.905,80,1,2
2,20211118131938350,2014,25718395,5.66,300,1,2
2,20211118131938350,2012,25553885,3.5,200,2,2
2,20211118131938350,2014,25718397,7.86,700,2,2
2,20211118131938350,2014,25718399,36.86,300,1,2
2,20211118131938360,2011,26019444,17.12,1900,2,2
2,20211118131938360,2011,26019448,21.5,500,2,2
2,20211118131938360,2011,26019449,13.16,3200,2,2
2,20211118131938360,2013,25875477,11.58,400,2,2
2,20211118131938360,2013,25875478,11.12,100,1,2
2,20211118131938360,2013,25875479,5.15,1500,2,2
2,20211118131938360,2031,4954826,193.25,10,1,2
2,20211118131938360,2011,26019450,4.78,200,1,2
2,20211118131938360,2061,927235,2.331,80,2,2
2,20211118131938360,2011,26019451,13.16,1000,2,2
2,20211118131938360,2011,26019452,24.27,200,1,2
2,20211118131938360,2011,26019453,24.27,200,1,2
2,20211118131938360,2013,25875480,5.25,30900,2,2
2,20211118131938360,2011,26019456,85.8,300,1,2
2,20211118131938360,2013,25875507,6.8,200,2,2
2,20211118131938360,2013,25875508,5.66,2000,1,2
2,20211118131938360,2011,26019457,30.25,800,2,2
2,20211118131938360,2033,6284906,262.791,50,2,2
2,20211118131938360,2061,927237,2.331,20,2,2
2,20211118131938350,2034,6163030,137.891,10,1,2
2,20211118131938350,2014,25718402,18.18,1900,2,2
2,20211118131938350,2034,6163031,137.91,80,1,2
2,20211118131938350,2014,25718403,16.27,1000,2,2
2,20211118131938360,2013,25875510,5.25,600,2,2
2,20211118131938360,2013,25875512,5.25,300,2,2
2,20211118131938350,2014,25718404,9.2,500,2,2
2,20211118131938360,2013,25875514,5.25,200,2,2
2,20211118131938350,2014,25718407,15.77,900,1,2
2,20211118131938350,2012,25553886,79.47,6200,2,2
2,20211118131938360,2014,25718409,41.78,200,2,2
2,20211118131938360,2014,25718411,10.24,500,2,2
2,20211118131938360,2034,6163033,421.72,140,1,2
2,20211118131938360,2034,6163034,422,30,1,2
2,20211118131938360,2014,25718413,7.5,1000,1,2
2,20211118131938360,2012,25553892,17.45,300,2,2
2,20211118131938360,2012,25553894,3.17,1600,1,2
2,20211118131938360,2014,25718415,13.7,100,2,2
2,20211118131938360,2014,25718416,13.5,500,1,2
2,20211118131938360,2013,25875516,15.95,2000,2,2
2,20211118131938360,2012,25553895,57.73,200,2,2
2,20211118131938360,2014,25718417,9.2,3200,2,2
2,20211118131938370,2014,25718419,7.5,300,2,2
2,20211118131938370,2011,26019459,32.85,100,2,2
2,20211118131938370,2011,26019461,108,100,1,2
2,20211118131938370,2033,6284908,264.56,50,2,2
2,20211118131938370,2012,25553896,34.77,400,2,2
2,20211118131938370,2012,25553897,90.97,200,1,2
2,20211118131938370,2011,26019462,78.78,100,2,2
2,20211118131938370,2011,26019463,12.85,100,1,2
2,20211118131938370,2013,25875518,6.16,1900,2,2
2,20211118131938370,2013,25875519,110.67,100,2,2
2,20211118131938370,2013,25875520,5.25,700,2,2
2,20211118131938370,2013,25875522,5.25,500,2,2
2,20211118131938370,2013,25875524,5.25,1000,2,2
2,20211118131938370,2013,25875526,5.25,1100,2,2
2,20211118131938370,2013,25875528,5.25,400,2,2
2,20211118131938370,2013,25875531,5.25,900,2,2
2,20211118131938370,2013,25875535,5.25,5500,2,2
2,20211118131938370,2011,26019465,9.09,300,1,2
2,20211118131938370,2013,25875538,5.25,300,2,2
2,20211118131938370,2011,26019467,26.3,100,2,2
2,20211118131938370,2013,25875540,20.39,100,2,2
2,20211118131938370,2013,25875541,5.25,100,2,2
2,20211118131938370,2013,25875543,5.25,200,2,2
2,20211118131938370,2013,25875546,28.02,200,2,2
2,20211118131938370,2013,25875548,4.34,5000,1,2
2,20211118131938370,2013,25875549,14.2,1800,2,2
2,20211118131938370,2013,25875550,31.83,1000,1,2
2,20211118131938370,2013,25875551,12.3,200,1,2
2,20211118131938370,2033,6284909,263.99,90,1,2
2,20211118131938370,2033,6284910,264.558,90,2,2
2,20211118131938370,2033,6284911,230.709,10,1,2
2,20211118131938370,2013,25875552,216.24,100,2,2
1,20211118131938240,5,6858502,23.87,1900,S,A
1,20211118131938240,5,6858503,10.16,500,S,A
1,20211118131938240,5,6858504,27.27,200,S,A
1,20211118131938240,5,6858505,97.7,100,B,D
1,20211118131938240,5,6858506,37.2,100,S,A
1,20211118131938240,5,6858507,67.6,300,B,A
1,20211118131938240,5,6858508,67.6,300,B,A
1,20211118131938240,5,6858509,67.6,300,B,A
1,20211118131938240,5,6858510,14.26,500,S,D
1,20211118131938270,5,6858511,0.769,6000,B,A
1,20211118131938270,5,6858512,3.716,150000,B,D
1,20211118131938270,5,6858513,3.715,150000,B,A
1,20211118131938270,5,6858514,2.08,500,B,A
1,20211118131938270,5,6858515,2.08,500,B,A
1,20211118131938270,5,6858516,46.2,200,B,A
1,20211118131938270,5,6858517,1.91,38000,S,D
1,20211118131938270,5,6858518,46.2,200,B,A
1,20211118131938270,5,6858519,8.46,200,S,A
1,20211118131938270,5,6858520,19.39,500,S,A
1,20211118131938270,5,6858521,27.27,600,S,D
1,20211118131938270,5,6858522,77.78,100,S,A
1,20211118131938290,5,6858523,3.42,700,S,D
1,20211118131938290,5,6858524,49.66,3000,B,A
1,20211118131938290,5,6858525,131.33,200,B,A
1,20211118131938290,5,6858526,312.35,200,S,A
1,20211118131938320,5,6858527,37.11,700,S,A
1,20211118131938320,5,6858528,3.52,5000,S,A
1,20211118131938320,5,6858529,7.232,29100,S,A
1,20211118131938320,5,6858530,26.69,100,B,A
1,20211118131938320,5,6858531,1.226,200000,B,A
1,20211118131938320,5,6858532,1.226,200000,B,D
1,20211118131938320,5,6858533,46.2,200,B,A
1,20211118131938320,5,6858534,12.14,600,B,A
1,20211118131938320,5,6858535,13.89,1000,B,A
1,20211118131938320,5,6858536,62.81,300,B,A
1,20211118131938320,5,6858537,16.2,1000,B,A
1,20211118131938320,5,6858538,47.08,700,S,A
1,20211118131938320,5,6858539,12.83,2100,B,D
1,20211118131938320,5,6858540,19.95,3400,B,A
1,20211118131938320,5,6858541,13.05,100,B,D
1,20211118131938320,5,6858542,13.88,500,S,A
1,20211118131938320,5,6858543,1.481,10000,B,A
1,20211118131938320,5,6858544,18.67,800,S,D
1,20211118131938320,5,6858545,7.07,9900,B,A
1,20211118131938320,5,6858546,47.08,700,S,A
1,20211118131938320,5,6858547,1.141,280000,B,D
1,20211118131938320,5,6858548,12.87,500,S,D
1,20211118131938320,5,6858549,1.484,1000,S,D
1,20211118131938090,6,6772710,14.85,500,B,A
1,20211118131938090,6,6772711,9.16,300,B,A
1,20211118131938090,6,6772712,15.37,1000,S,D
1,20211118131938090,6,6772713,7.74,400,S,A
1,20211118131938090,6,6772714,90.13,200,S,A
1,20211118131938090,6,6772715,9.65,10000,S,D
1,20211118131938090,6,6772716,13.64,100,B,D
1,20211118131938120,6,6772717,3.89,100,B,A
1,20211118131938120,6,6772718,0.879,300000,S,D
1,20211118131938120,6,6772719,0.878,300000,B,D
1,20211118131938120,6,6772720,1.044,9500,S,A
1,20211118131938120,6,6772721,2.19,1000,B,A
1,20211118131938120,6,6772722,7.74,100,S,A
1,20211118131938120,6,6772723,15.3,1000,S,A
1,20211118131938120,6,6772724,74.36,200,S,A
1,20211118131938120,6,6772725,12.25,3000,B,D
1,20211118131938140,6,6772726,36.28,100,B,D
1,20211118131938140,6,6772727,27.67,200,S,D
1,20211118131938140,6,6772728,36.28,100,B,D
1,20211118131938140,6,6772729,16.5,2000,B,A
1,20211118131938140,6,6772730,36.28,200,B,D
1,20211118131938140,6,6772731,4.15,500,B,D
1,20211118131938140,6,6772732,9.16,5000,B,A
1,20211118131938140,6,6772733,14.7,400,B,A
1,20211118131938140,6,6772734,16.45,13600,B,D
1,20211118131938140,6,6772735,36.28,100,B,D
1,20211118131938170,6,6772736,36.28,100,B,D
1,20211118131938170,6,6772737,36.28,100,B,D
1,20211118131938170,6,6772738,14.09,1100,S,A
1,20211118131938170,6,6772739,59.35,100,B,A
1,20211118131938170,6,6772740,86.02,250,S,A
1,20211118131938170,6,6772741,11.05,100,S,A
1,20211118131938170,6,6772742,36.28,100,B,D
1,20211118131938170,6,6772743,36.28,200,B,D
1,20211118131938170,6,6772744,36.28,100,B,D
1,20211118131938170,6,6772745,36.28,200,B,D
1,20211118131938170,6,6772746,36.28,100,B,D
1,20211118131938170,6,6772747,20.24,2900,S,D
1,20211118131938170,6,6772748,15.29,1000,S,A
1,20211118131938170,6,6772749,19.95,500,S,A
1,20211118131938170,6,6772750,8.68,600,S,A
1,20211118131938170,6,6772751,36.28,300,B,D
1,20211118131938170,6,6772752,14.16,1000,S,D
1,20211118131938170,6,6772753,6.36,100,S,D
1,20211118131938170,6,6772754,20.54,5000,B,A
1,20211118131938170,6,6772755,15.68,100,S,D
1,20211118131938170,6,6772756,36.28,100,B,D
1,20211118131938200,6,6772757,16.51,200,B,A
1,20211118131938230,6,6772758,2.96,10000,S,D
1,20211118131938230,6,6772759,14.1,100,S,D
1,20211118131938230,6,6772760,36.28,100,B,D
1,20211118131938230,6,6772761,2.87,300,S,A
1,20211118131938230,6,6772762,15.67,300,S,D
1,20211118131938230,6,6772763,26.9,300,B,D
1,20211118131938230,6,6772764,50.4,100,B,D
1,20211118131938230,6,6772765,23.3,500,S,D
1,20211118131938230,6,6772766,13.64,100,B,D
1,20211118131938230,6,6772767,8.72,100,S,A
1,20211118131938230,6,6772768,0.878,1400,B,A
1,20211118131938230,6,6772769,176.9,100,S,A
1,20211118131938230,6,6772770,2.87,100,S,A
1,20211118131938230,6,6772771,2.87,100,S,A
1,20211118131938230,6,6772772,15.15,700,B,D
1,20211118131938230,6,6772773,9.17,1100,B,A
1,20211118131938250,6,6772774,2.87,100,S,A
1,20211118131938250,6,6772775,2.87,100,S,A
1,20211118131938250,6,6772776,58,3500,B,D
1,20211118131938250,6,6772777,111.91,2000,B,D
1,20211118131938250,6,6772778,40.63,200,B,A
1,20211118131938250,6,6772779,2.87,100,S,A
1,20211118131938250,6,6772780,162.68,1000,S,D
1,20211118131938250,6,6772781,3.01,10000,S,D
1,20211118131938250,6,6772782,52.84,400,B,D
1,20211118131938280,6,6772783,48,100,S,A
1,20211118131938280,6,6772784,2.87,100,S,A
1,20211118131938280,6,6772785,1801.9,600,B,A
1,20211118131938280,6,6772786,11.8,2000,B,A
1,20211118131938280,6,6772787,13.64,100,B,D
1,20211118131938280,6,6772788,35.43,100,B,A
1,20211118131938280,6,6772789,7.74,100,S,A
1,20211118131938310,6,6772790,2.87,100,S,A
1,20211118131938310,6,6772791,8.47,2000,B,A
1,20211118131938310,6,6772792,2.87,100,S,A
1,20211118131938310,6,6772793,2.87,100,S,A
1,20211118131938310,6,6772794,92.99,200,S,A
1,20211118131938310,6,6772795,20.16,1000,S,A
1,20211118131938310,6,6772796,0.849,235600,B,A
1,20211118131938310,6,6772797,0.848,250000,B,A
1,20211118131938310,6,6772798,63.8,500,S,A
1,20211118131938310,6,6772799,4.19,1200,B,A
1,20211118131938310,6,6772800,2.87,100,S,A
1,20211118131938310,6,6772801,1.208,400000,B,A
1,20211118131938310,6,6772802,2.87,100,S,A
1,20211118131938310,6,6772803,2.87,100,S,A
1,20211118131938310,6,6772804,35.5,1000,S,D
1,20211118131938310,6,6772805,13.64,100,B,D
1,20211118131938310,6,6772806,13.64,100,B,D
2,20211118131938380,2013,25875553,29.28,500,1,2
2,20211118131938380,2011,26019470,26.26,500,1,2
2,20211118131938380,2031,4954828,417.815,80,2,2
2,20211118131938370,2032,2703252,141.5,40,2,2
2,20211118131938370,2014,25718421,8.28,4600,2,2
2,20211118131938370,2014,25718422,44.6,100,1,2
2,20211118131938370,2022,484767,1.076,600000,1,2
2,20211118131938380,2031,4954829,353.354,80,1,2
2,20211118131938370,2014,25718424,8.78,1000,2,2
2,20211118131938370,2014,25718426,45.53,200,1,2
2,20211118131938370,2012,25553900,34.8,1000,2,2
2,20211118131938370,2014,25718427,9.19,500,2,2
2,20211118131938370,2014,25718429,9.19,2400,2,2
2,20211118131938380,2013,25875554,4.7,3000,2,2
2,20211118131938370,2014,25718431,34.5,1000,2,2
2,20211118131938370,2034,6163035,421.6,60,1,2
2,20211118131938370,2014,25718432,10.24,100,2,2
2,20211118131938380,2012,25553906,30.42,100,1,2
2,20211118131938380,2032,2703253,142.009,210,1,2
2,20211118131938380,2014,25718434,5.38,1000,2,2
2,20211118131938380,2011,26019473,4.4,500,1,2
2,20211118131938380,2014,25718436,22.51,500,1,2
2,20211118131938380,2013,25875558,3.79,5000,2,2
2,20211118131938380,2032,2703254,246.192,170,2,2
2,20211118131938380,2011,26019474,26.23,2000,2,2
2,20211118131938380,2034,6163036,278.8,200,2,2
2,20211118131938380,2033,6284912,205.293,150,1,2
2,20211118131938380,2013,25875560,11.35,300,2,2
2,20211118131938380,2032,2703255,142.01,130,1,2
2,20211118131938380,2013,25875561,6.2,1000,1,2
2,20211118131938380,2013,25875562,4.43,3400,1,2
2,20211118131938380,2021,587035,5.436,1400,2,2
2,20211118131938380,2011,26019476,6.19,1000,2,2
2,20211118131938380,2034,6163039,421.61,10,1,2
2,20211118131938380,2061,927239,2.331,390,2,2
2,20211118131938380,2011,26019477,110,100,2,2
2,20211118131938380,2014,25718438,60.43,100,2,2
2,20211118131938380,2014,25718439,67.15,1000,1,2
2,20211118131938380,2031,4954830,145.52,30,2,2
2,20211118131938390,2012,25553909,18.81,100,1,2
2,20211118131938390,2012,25553910,6.91,5000,1,2
2,20211118131938390,2032,2703257,246,160,1,2
2,20211118131938390,2034,6163040,364.04,10,2,2
2,20211118131938390,2013,25875563,5.25,500,2,2
2,20211118131938390,2013,25875565,5.25,800,2,2
2,20211118131938390,2012,25553911,166.3,100,2,2
2,20211118131938390,2013,25875567,5.25,800,2,2
2,20211118131938390,2013,25875570,10.58,100,1,2
2,20211118131938390,2011,26019478,58.87,500,2,2
2,20211118131938390,2011,26019479,8.08,300,1,2
2,20211118131938390,2014,25718444,30.22,3800,1,2
2,20211118131938390,2013,25875571,24.2,100,1,2
2,20211118131938390,2012,25553912,55.36,400,1,2
2,20211118131938390,2012,25553913,25.1,200,1,2
2,20211118131938390,2012,25553914,74.3,100,1,2
2,20211118131938390,2014,25718445,27.54,200,2,2
2,20211118131938390,2034,6163041,364.5,40,1,2
2,20211118131938390,2013,25875573,34.84,2783,2,2
2,20211118131938390,2013,25875575,13.23,2000,2,2
2,20211118131938390,2013,25875576,5.25,200,2,2
2,20211118131938390,2013,25875578,5.25,300,2,2
2,20211118131938390,2013,25875580,5.25,200,2,2
2,20211118131938390,2013,25875582,5.25,300,2,2
2,20211118131938390,2013,25875584,5.25,200,2,2
2,20211118131938390,2013,25875586,5.25,200,2,2
2,20211118131938390,2013,25875588,5.25,300,2,2
2,20211118131938390,2013,25875590,5.25,200,2,2
2,20211118131938390,2013,25875592,5.25,200,2,2
2,20211118131938390,2013,25875594,5.25,200,2,2
2,20211118131938390,2013,25875596,5.25,200,2,2
2,20211118131938390,2013,25875598,5.25,1100,2,2
2,20211118131938390,2013,25875600,213,400,2,2
2,20211118131938390,2013,25875601,5.25,800,2,2
2,20211118131938390,2013,25875603,5.25,200,2,2
2,20211118131938390,2013,25875605,5.25,300,2,2
2,20211118131938390,2013,25875607,5.25,500,2,2
2,20211118131938390,2013,25875609,5.25,800,2,2
2,20211118131938390,2013,25875611,5.25,900,2,2
2,20211118131938390,2013,25875613,5.25,800,2,2
2,20211118131938390,2013,25875617,5.25,800,2,2
2,20211118131938390,2013,25875620,5.25,700,2,2
2,20211118131938390,2013,25875622,3.7,200,2,2
2,20211118131938390,2013,25875623,5.25,700,2,2
2,20211118131938390,2013,25875625,5.25,900,2,2
2,20211118131938390,2012,25553915,49.81,700,1,2
2,20211118131938390,2013,25875628,5.25,800,2,2
2,20211118131938390,2013,25875630,5.25,900,2,2
2,20211118131938390,2013,25875633,5.62,1000,2,2
2,20211118131938390,2033,6284915,104.51,390,1,2
2,20211118131938390,2013,25875636,22.26,200,1,2
2,20211118131938390,2013,25875638,24.14,500,1,2
2,20211118131938390,2011,26019481,15.1,1000,2,2
2,20211118131938390,2011,26019482,16.5,1300,2,2
2,20211118131938390,2011,26019483,4.66,1500,1,2
2,20211118131938390,2012,25553916,7.55,2800,2,2
2,20211118131938390,2012,25553921,165.95,200,1,2
2,20211118131938390,2014,25718448,7.7,2300,2,2
2,20211118131938390,2014,25718450,8.65,2000,1,2
2,20211118131938390,2011,26019484,39.65,500,2,2
2,20211118131938390,2013,25875639,6.1,600,2,2
2,20211118131938390,2013,25875640,4.7,1000,1,2
2,20211118131938390,2013,25875641,5.25,2800,2,2
2,20211118131938390,2011,26019488,16.63,200,2,2
2,20211118131938390,2013,25875646,5.25,600,2,2
2,20211118131938390,2014,25718451,107.79,800,2,2
2,20211118131938390,2013,25875649,3.49,50000,2,2
2,20211118131938390,2014,25718452,46.49,100,1,2
2,20211118131938390,2034,6163043,184.536,100,1,2
2,20211118131938390,2031,4954832,353.59,80,2,2
2,20211118131938400,2024,645040,0.788,13300,1,2
2,20211118131938400,2013,25875650,15.63,1800,1,2
2,20211118131938400,2011,26019490,296.2,100,2,2
2,20211118131938390,2034,6163044,155.52,10,2,2
2,20211118131938400,2014,25718454,9.15,2000,2,2
2,20211118131938400,2014,25718455,17.23,100,1,2
2,20211118131938400,2014,25718456,31.11,1500,1,2
2,20211118131938400,2013,25875651,5.26,3700,2,2
2,20211118131938400,2013,25875653,58,200,1,2
2,20211118131938400,2011,26019492,29.5,500,1,2
2,20211118131938400,2011,26019493,5.63,1000,1,2
2,20211118131938400,2014,25718459,3.11,100,1,2
2,20211118131938400,2012,25553923,12.72,600,2,2
2,20211118131938400,2011,26019494,296.26,100,1,2
2,20211118131938400,2011,26019496,76.5,100,1,2
2,20211118131938400,2013,25875655,5.26,100,2,2
2,20211118131938400,2013,25875656,8.73,100,1,2
2,20211118131938400,2014,25718461,35.23,500,1,2
2,20211118131938400,2012,25553926,7.5,200,2,2
2,20211118131938400,2031,4954833,132.084,10,2,2
2,20211118131938400,2011,26019498,20.29,1100,1,2
2,20211118131938400,2033,6284919,176.1,4,2,2
2,20211118131938400,2014,25718463,59.5,300,2,2
2,20211118131938400,2014,25718464,45.53,100,1,2
2,20211118131938400,2012,25553928,2.82,1000,1,2
2,20211118131938400,2012,25553929,3.3,700,1,2
2,20211118131938400,2014,25718467,150.35,300,1,2
2,20211118131938400,2014,25718470,8.37,500,1,2
2,20211118131938400,2014,25718472,28.4,300,2,2
2,20211118131938410,2014,25718475,17.23,600,1,2
2,20211118131938410,2014,25718476,5.1,600,2,2
2,20211118131938410,2014,25718477,5.32,2900,1,2
2,20211118131938410,2014,25718478,13.49,600,2,2
2,20211118131938410,2034,6163046,421.905,120,1,2
2,20211118131938410,2012,25553931,109.24,300,2,2
2,20211118131938410,2012,25553932,124.63,100,2,2
2,20211118131938410,2032,2703258,186.377,190,2,2
2,20211118131938400,2013,25875658,5.26,200,2,2
2,20211118131938410,2034,6163050,363.439,50,1,2
2,20211118131938400,2011,26019499,14.9,1500,2,2
2,20211118131938400,2033,6284920,211,20,2,2
2,20211118131938400,2013,25875659,5.26,1300,2,2
2,20211118131938400,2013,25875660,5.63,100,1,2
2,20211118131938400,2031,4954834,132.082,20,2,2
2,20211118131938400,2031,4954837,132.098,10,1,2
2,20211118131938410,2061,927241,2.35,100,2,2
2,20211118131938410,2013,25875662,5.26,3500,2,2
2,20211118131938410,2013,25875663,5.26,2400,2,2
2,20211118131938400,2031,4954839,132.239,20,2,2
2,20211118131938400,2011,26019500,7.27,1400,2,2
2,20211118131938400,2011,26019501,7.27,500,2,2
2,20211118131938400,2011,26019502,2.87,8500,2,2
2,20211118131938410,2011,26019504,26.23,100,1,2
2,20211118131938410,2013,25875665,8.73,100,1,2
2,20211118131938410,2011,26019505,7.27,500,2,2
2,20211118131938410,2031,4954840,132.084,10,1,2
2,20211118131938410,2031,4954841,132.084,10,1,2
2,20211118131938410,2031,4954842,132.084,10,1,2
2,20211118131938410,2013,25875666,25.93,2100,2,2
2,20211118131938410,2033,6284921,165.1,150,1,2
2,20211118131938410,2031,4954843,132.084,10,1,2
2,20211118131938410,2031,4954844,132.227,310,2,2
2,20211118131938410,2031,4954846,132.084,10,1,2
2,20211118131938410,2012,25553937,12.8,500,1,2
2,20211118131938410,2011,26019507,29.96,400,1,2
2,20211118131938410,2011,26019508,2.85,8500,1,2
2,20211118131938410,2014,25718479,9.2,100,2,2
2,20211118131938410,2014,25718480,6.49,3000,1,2
2,20211118131938410,2014,25718483,27.54,200,1,2
2,20211118131938420,2012,25553939,4.76,10000,1,2
2,20211118131938410,2014,25718485,52.85,200,1,2
2,20211118131938420,2014,25718486,209.6,842,2,2
2,20211118131938420,2034,6163051,364.213,20,2,2
2,20211118131938420,2012,25553941,20.73,100,2,2
2,20211118131938420,2012,25553942,102.57,100,1,2
2,20211118131938420,2014,25718493,47.99,100,1,2
2,20211118131938420,2014,25718495,27.54,500,2,2
2,20211118131938420,2014,25718496,21.35,2300,2,2
2,20211118131938420,2014,25718497,9.01,300,1,2
2,20211118131938420,2012,25553944,17.9,12800,2,2
2,20211118131938410,2013,25875668,3.78,4700,1,2
2,20211118131938410,2031,4954849,353.589,160,2,2
2,20211118131938410,2031,4954850,132.226,50,2,2
2,20211118131938410,2011,26019509,7.27,500,2,2
2,20211118131938410,2011,26019510,7.27,500,2,2
2,20211118131938410,2013,25875675,26.4,100,2,2
2,20211118131938420,2013,25875676,90.62,200,1,2
2,20211118131938420,2013,25875677,6.75,800,1,2
2,20211118131938410,2031,4954852,353.35,80,2,2
2,20211118131938420,2013,25875678,134.5,100,2,2
2,20211118131938410,2011,26019512,46.04,300,2,2
2,20211118131938410,2011,26019513,109.13,200,2,2
2,20211118131938410,2011,26019514,8.85,2000,1,2
2,20211118131938410,2031,4954855,237.228,10,2,2
2,20211118131938420,2011,26019516,7.27,600,2,2
2,20211118131938420,2031,4954857,353.588,30,2,2
2,20211118131938420,2011,26019517,12.23,1000,1,2
2,20211118131938420,2031,4954858,353.368,30,1,2
2,20211118131938420,2013,25875679,316.05,100,1,2
2,20211118131938420,2033,6284922,110.78,3900,1,2
2,20211118131938420,2013,25875680,90.62,100,1,2
2,20211118131938420,2013,25875681,90.62,300,1,2
2,20211118131938420,2031,4954859,237.358,120,2,2
2,20211118131938420,2031,4954860,237.005,50,1,2
2,20211118131938420,2014,25718498,39.71,100,1,2
2,20211118131938430,2014,25718499,4.34,3400,2,2
2,20211118131938430,2012,25553957,66.1,2100,1,2
2,20211118131938430,2014,25718500,165.67,2200,2,2
2,20211118131938430,2012,25553958,36.68,800,2,2
2,20211118131938430,2012,25553961,29,600,1,2
2,20211118131938430,2034,6163053,422,10,2,2
2,20211118131938430,2014,25718505,9.2,400,2,2
2,20211118131938430,2014,25718506,5.67,200,1,2
2,20211118131938430,2022,484769,3.305,3000,2,2
2,20211118131938430,2014,25718508,3.73,400,2,2
2,20211118131938430,2012,25553962,15.2,5800,1,2
2,20211118131938430,2012,25553963,12.8,2200,1,2
2,20211118131938420,2013,25875682,90.62,300,1,2
2,20211118131938420,2013,25875683,13.39,2000,1,2
2,20211118131938420,2013,25875687,90.62,200,1,2
2,20211118131938420,2031,4954861,353.364,30,2,2
2,20211118131938420,2011,26019520,7.27,500,2,2
2,20211118131938420,2031,4954863,353.382,20,1,2
2,20211118131938420,2013,25875688,90.62,400,1,2
2,20211118131938420,2011,26019521,15.63,200,1,2
2,20211118131938420,2011,26019522,29.97,1000,1,2
2,20211118131938420,2013,25875689,61,8000,1,2
2,20211118131938430,2013,25875704,13.39,100,2,2
2,20211118131938430,2013,25875706,13.39,100,2,2
2,20211118131938430,2013,25875708,13.39,100,2,2
2,20211118131938430,2013,25875710,5.02,100,1,2
2,20211118131938430,2013,25875711,23.69,500,1,2
2,20211118131938430,2031,4954864,353.378,20,2,2
2,20211118131938430,2011,26019524,299.2,100,2,2
2,20211118131938430,2031,4954867,417.536,50,1,2
2,20211118131938430,2014,25718509,9.56,10900,2,2
2,20211118131938430,2014,25718510,5.37,1300,1,2
2,20211118131938440,2014,25718521,60.43,500,2,2
2,20211118131938440,2014,25718522,26.56,300,2,2
2,20211118131938440,2014,25718525,51.71,5000,2,2
2,20211118131938440,2014,25718529,4.87,4400,1,2
2,20211118131938440,2012,25553966,11.84,100,2,2
2,20211118131938440,2012,25553968,25.08,200,1,2
2,20211118131938440,2014,25718532,13.61,400,1,2
2,20211118131938440,2012,25553969,51.92,500,1,2
2,20211118131938440,2012,25553970,66.12,400,1,2
2,20211118131938430,2023,656851,0.844,150000,1,2
2,20211118131938430,2023,656852,0.848,150000,2,2
2,20211118131938430,2033,6284924,165.1,20,2,2
2,20211118131938430,2011,26019525,6.95,900,2,2
2,20211118131938430,2011,26019526,46.28,500,2,2
2,20211118131938430,2031,4954869,417.386,20,2,2
2,20211118131938430,2033,6284926,231.48,100,2,2
2,20211118131938430,2011,26019528,6.57,100,1,2
2,20211118131938430,2011,26019530,7.27,2000,2,2
2,20211118131938430,2031,4954870,417.536,50,1,2
2,20211118131938430,2031,4954873,417.251,70,1,2
2,20211118131938430,2031,4954874,417.251,80,1,2
2,20211118131938430,2013,25875712,23.7,1000,2,2
2,20211118131938430,2013,25875714,5.03,12000,2,2
2,20211118131938430,2013,25875715,25.9,1100,1,2
2,20211118131938430,2013,25875717,22.97,100,1,2
2,20211118131938430,2031,4954875,417.55,20,1,2
2,20211118131938430,2031,4954876,417.47,20,1,2
2,20211118131938430,2031,4954877,417.528,20,1,2
2,20211118131938430,2031,4954880,417.418,10,1,2
2,20211118131938430,2031,4954882,417.532,30,2,2
2,20211118131938430,2031,4954885,130.88,40,1,2
2,20211118131938430,2011,26019533,4.8,1000,2,2
2,20211118131938430,2011,26019535,58.6,200,2,2
2,20211118131938440,2013,25875719,19.27,1000,1,2
2,20211118131938440,2013,25875720,19.5,1000,1,2
2,20211118131938430,2011,26019536,25.66,500,2,2
2,20211118131938440,2013,25875721,23.87,700,1,2
2,20211118131938440,2013,25875722,13.79,500,2,2
2,20211118131938440,2031,4954886,417.587,10,1,2
2,20211118131938440,2013,25875723,15.41,200,1,2
2,20211118131938440,2013,25875724,20.9,1000,1,2
2,20211118131938450,2014,25718535,36.41,1300,1,2
2,20211118131938450,2012,25553973,37.71,400,2,2
2,20211118131938450,2012,25553976,7.38,2300,2,2
2,20211118131938450,2014,25718536,25.83,3700,2,2
2,20211118131938450,2014,25718537,29.56,500,1,2
2,20211118131938450,2014,25718538,35.23,2000,1,2
2,20211118131938450,2014,25718539,41.1,100,1,2
2,20211118131938450,2012,25553980,7.19,600,2,2
2,20211118131938450,2012,25553981,2.83,1000,1,2
2,20211118131938450,2014,25718541,223.76,100,2,2
2,20211118131938450,2034,6163056,364.6,10,1,2
2,20211118131938450,2012,25553982,19.83,1200,1,2
2,20211118131938440,2013,25875725,4.07,2000,2,2
2,20211118131938450,2014,25718542,8.39,300,2,2
2,20211118131938450,2034,6163060,155.52,240,2,2
2,20211118131938460,2012,25553983,11.29,2000,1,2
2,20211118131938440,2013,25875727,60.98,500,1,2
2,20211118131938460,2014,25718543,68.5,400,1,2
2,20211118131938440,2031,4954888,417.587,10,1,2
2,20211118131938440,2031,4954890,417.281,50,1,2
2,20211118131938440,2013,25875728,90.69,500,2,2
2,20211118131938440,2013,25875729,8.73,100,1,2
2,20211118131938440,2013,25875730,208.94,100,1,2
2,20211118131938440,2061,927242,2.335,250,2,2
2,20211118131938440,2013,25875731,27.2,800,2,2
2,20211118131938440,2013,25875733,6.25,2500,1,2
2,20211118131938440,2011,26019538,61.08,200,2,2
2,20211118131938450,2011,26019539,39.76,2000,2,2
2,20211118131938450,2061,927243,2.33,880,2,2
2,20211118131938450,2033,6284928,110.78,10,2,2
2,20211118131938450,2031,4954892,238.23,150,2,2
2,20211118131938450,2011,26019540,10.03,20000,2,2
2,20211118131938450,2011,26019541,110.8,700,2,2
2,20211118131938450,2011,26019542,111.6,100,2,2
2,20211118131938450,2033,6284931,165.18,60,2,2
2,20211118131938460,2014,25718546,11.97,200,2,2
2,20211118131938460,2014,25718547,35.65,100,1,2
2,20211118131938460,2012,25553988,36.91,400,2,2
2,20211118131938460,2012,25553989,36.7,1000,2,2
2,20211118131938460,2014,25718549,35.26,500,1,2
2,20211118131938460,2034,6163062,421.612,160,1,2
2,20211118131938460,2014,25718551,25.82,300,1,2
2,20211118131938460,2014,25718552,25.39,200,2,2
2,20211118131938460,2014,25718553,53.99,200,1,2
2,20211118131938460,2014,25718554,7.37,800,1,2
2,20211118131938460,2034,6163063,422,60,1,2
2,20211118131938460,2012,25553992,4.16,7000,2,2
2,20211118131938460,2014,25718555,59.5,1500,2,2
2,20211118131938460,2014,25718556,52.85,100,1,2
2,20211118131938460,2012,25553995,42.21,100,2,2
2,20211118131938470,2012,25553996,15.62,3300,2,2
2,20211118131938470,2012,25553997,8.52,3300,1,2
2,20211118131938470,2012,25553998,20.51,2000,1,2
2,20211118131938450,2011,26019544,9.28,2100,1,2
2,20211118131938470,2014,25718557,19.18,10400,2,2
2,20211118131938450,2013,25875737,4,400,1,2
2,20211118131938450,2033,6284932,110.758,20,1,2
2,20211118131938450,2013,25875739,20.02,500,2,2
2,20211118131938450,2013,25875745,5.25,1100,2,2
2,20211118131938450,2011,26019545,46.04,500,2,2
2,20211118131938460,2011,26019546,7.05,100,1,2
2,20211118131938460,2011,26019547,11.94,12500,1,2
2,20211118131938450,2013,25875747,20,100,1,2
2,20211118131938460,2013,25875748,5.25,2700,2,2
2,20211118131938460,2013,25875754,20.04,3600,1,2
2,20211118131938460,2013,25875758,20.04,2200,1,2
2,20211118131938460,2013,25875759,15.65,500,2,2
2,20211118131938460,2013,25875760,10.65,800,1,2
2,20211118131938460,2013,25875762,7.02,2000,2,2
2,20211118131938460,2011,26019549,21.31,100,2,2
2,20211118131938460,2031,4954893,193.25,20,1,2
2,20211118131938460,2033,6284933,264.5,750,1,2
2,20211118131938460,2013,25875768,12.49,10000,2,2
2,20211118131938460,2013,25875769,14.55,1000,2,2
2,20211118131938460,2011,26019550,8.38,1000,1,2
2,20211118131938460,2033,6284934,264.5,120,2,2
2,20211118131938460,2013,25875770,5.26,1800,2,2
2,20211118131938470,2014,25718558,30.75,600,2,2
2,20211118131938470,2014,25718561,21.26,100,2,2
2,20211118131938470,2012,25554001,9.45,1000,2,2
2,20211118131938470,2014,25718563,9.5,800,2,2
2,20211118131938470,2014,25718568,13.68,500,1,2
2,20211118131938470,2014,25718569,5.5,500,2,2
2,20211118131938470,2014,25718570,21.26,100,2,2
2,20211118131938470,2014,25718572,7.39,1000,2,2
2,20211118131938480,2014,25718575,36.89,100,1,2
2,20211118131938460,2033,6284936,264.5,100,2,2
2,20211118131938460,2033,6284938,104.73,10,2,2
2,20211118131938460,2011,26019551,55.72,500,1,2
2,20211118131938480,2014,25718577,52.85,200,1,2
2,20211118131938460,2013,25875771,20.05,400,1,2
2,20211118131938460,2033,6284939,264.5,30,2,2
2,20211118131938460,2033,6284941,104.53,10,1,2
2,20211118131938460,2033,6284942,264.454,50,2,2
2,20211118131938460,2033,6284944,264.369,90,2,2
2,20211118131938460,2013,25875773,5.26,800,2,2
2,20211118131938460,2013,25875774,5.26,1800,2,2
2,20211118131938460,2013,25875775,11.78,100,1,2
2,20211118131938460,2013,25875776,23.87,500,1,2
2,20211118131938460,2013,25875778,7.79,1500,2,2
2,20211118131938470,2013,25875780,26.73,1200,2,2
2,20211118131938460,2033,6284949,264.58,380,1,2
2,20211118131938460,2033,6284955,264.016,40,1,2
2,20211118131938460,2033,6284956,264.016,50,1,2
2,20211118131938460,2033,6284957,221.45,170,1,2
2,20211118131938470,2033,6284958,264.487,50,2,2
2,20211118131938460,2011,26019552,30.69,200,2,2
2,20211118131938470,2033,6284962,264.015,140,1,2
2,20211118131938470,2033,6284963,264.212,50,1,2
2,20211118131938480,2012,25554003,16.3,1000,2,2
2,20211118131938470,2013,25875781,23.78,300,2,2
2,20211118131938460,2011,26019555,25.4,100,2,2
2,20211118131938460,2011,26019556,4.53,1700,1,2
2,20211118131938470,2011,26019557,17.55,200,2,2
2,20211118131938470,2011,26019558,4.48,2000,2,2
2,20211118131938470,2013,25875782,59.07,700,1,2
2,20211118131938470,2011,26019560,20.67,300,1,2
2,20211118131938470,2011,26019561,33.23,300,2,2
2,20211118131938470,2013,25875787,25.94,400,1,2
2,20211118131938470,2061,927245,2.333,990,2,2
2,20211118131938480,2014,25718579,27.66,100,2,2
2,20211118131938480,2014,25718580,4.6,300,2,2
2,20211118131938480,2034,6163064,182.36,10,1,2
2,20211118131938480,2012,25554006,60.37,300,1,2
2,20211118131938480,2012,25554008,27.55,600,2,2
2,20211118131938480,2014,25718581,22.48,200,1,2
2,20211118131938480,2034,6163066,363.461,20,1,2
2,20211118131938480,2014,25718582,25.75,100,2,2
2,20211118131938490,2034,6163069,363.471,80,1,2
2,20211118131938490,2012,25554010,18.16,1200,2,2
2,20211118131938490,2032,2703259,186.6,10,2,2
2,20211118131938490,2012,25554011,21.43,500,1,2
2,20211118131938490,2014,25718583,6.94,1000,2,2
2,20211118131938490,2012,25554013,28.6,100,2,2
2,20211118131938470,2011,26019564,4.76,1000,2,2
2,20211118131938470,2013,25875789,6.09,300,2,2
2,20211118131938470,2013,25875792,59.01,200,2,2
2,20211118131938470,2013,25875797,59.01,300,2,2
2,20211118131938470,2021,587037,1.621,110000,1,2
2,20211118131938480,2011,26019567,26.23,1200,2,2
2,20211118131938470,2013,25875799,16.5,300,1,2
2,20211118131938480,2061,927246,2.333,2010,2,2
2,20211118131938480,2013,25875800,9.62,15100,2,2
2,20211118131938480,2013,25875801,13.21,2000,1,2
2,20211118131938480,2013,25875804,208.94,100,1,2
2,20211118131938480,2013,25875805,2.68,600,2,2
2,20211118131938480,2013,25875806,208.95,100,1,2
2,20211118131938480,2033,6284965,104.568,50,1,2
2,20211118131938480,2021,587038,1.1,550000,2,2
2,20211118131938480,2013,25875807,2.81,100,1,2
2,20211118131938480,2013,25875808,13.39,100,2,2
2,20211118131938480,2011,26019568,17.76,3000,2,2
2,20211118131938490,2012,25554014,8.24,2500,2,2
2,20211118131938490,2012,25554018,8.24,1100,2,2
2,20211118131938490,2012,25554020,8.24,1000,2,2
2,20211118131938490,2012,25554022,8.24,1000,2,2
2,20211118131938490,2012,25554024,8.24,1000,2,2
2,20211118131938490,2012,25554026,8.24,1100,2,2
2,20211118131938490,2012,25554029,8.24,1000,2,2
2,20211118131938490,2012,25554031,8.24,1400,2,2
2,20211118131938490,2014,25718586,46.8,100,2,2
2,20211118131938490,2012,25554033,8.24,1500,2,2
2,20211118131938490,2012,25554036,8.24,1100,2,2
2,20211118131938490,2012,25554038,8.24,1900,2,2
2,20211118131938490,2012,25554041,79.99,500,1,2
2,20211118131938490,2032,2703260,118.269,50,2,2
2,20211118131938490,2032,2703261,118.258,20,2,2
2,20211118131938490,2014,25718587,14.19,1000,1,2
2,20211118131938490,2012,25554043,40.3,100,2,2
2,20211118131938490,2012,25554045,8.24,100,2,2
2,20211118131938500,2014,25718589,65.52,1000,1,2
2,20211118131938490,2012,25554048,8.24,100,2,2
2,20211118131938490,2012,25554051,8.24,200,2,2
2,20211118131938490,2012,25554055,8.24,500,2,2
2,20211118131938490,2012,25554057,8.24,700,2,2
2,20211118131938490,2012,25554059,8.24,400,2,2
2,20211118131938490,2012,25554062,8.24,1000,2,2
2,20211118131938490,2012,25554066,8.24,200,2,2
2,20211118131938490,2012,25554069,8.24,300,2,2
2,20211118131938490,2012,25554072,8.24,500,2,2
2,20211118131938500,2014,25718593,5.67,100,1,2
2,20211118131938490,2012,25554074,8.24,600,2,2
2,20211118131938490,2012,25554078,8.24,300,2,2
2,20211118131938490,2012,25554082,8.24,400,2,2
2,20211118131938490,2012,25554085,8.24,800,2,2
2,20211118131938490,2012,25554088,8.24,100,2,2
2,20211118131938490,2012,25554090,8.24,1300,2,2
2,20211118131938490,2012,25554092,8.24,500,2,2
2,20211118131938490,2012,25554094,8.24,600,2,2
2,20211118131938490,2012,25554096,8.24,700,2,2
2,20211118131938490,2012,25554098,8.24,300,2,2
2,20211118131938490,2012,25554101,8.24,400,2,2
2,20211118131938490,2012,25554103,8.24,500,2,2
2,20211118131938490,2012,25554105,8.24,700,2,2
2,20211118131938490,2012,25554109,8.24,700,2,2
2,20211118131938490,2012,25554112,8.24,700,2,2
2,20211118131938490,2012,25554116,8.24,1000,2,2
2,20211118131938490,2012,25554118,8.24,300,2,2
2,20211118131938490,2012,25554120,8.24,200,2,2
2,20211118131938490,2012,25554122,8.24,600,2,2
2,20211118131938490,2012,25554125,8.24,400,2,2
2,20211118131938490,2012,25554128,8.24,700,2,2
2,20211118131938490,2012,25554131,8.24,600,2,2
2,20211118131938490,2012,25554134,8.24,300,2,2
2,20211118131938490,2012,25554136,8.24,300,2,2
2,20211118131938490,2012,25554138,8.24,700,2,2
2,20211118131938490,2012,25554143,8.24,700,2,2
2,20211118131938490,2012,25554145,8.24,900,2,2
2,20211118131938490,2012,25554149,17.45,500,2,2
2,20211118131938490,2012,25554150,8.24,200,2,2
2,20211118131938500,2014,25718595,2.51,4000,1,2
2,20211118131938490,2012,25554154,8.24,200,2,2
2,20211118131938490,2012,25554157,8.24,200,2,2
2,20211118131938490,2012,25554161,8.24,200,2,2
2,20211118131938490,2012,25554166,8.24,100,2,2
2,20211118131938490,2012,25554169,8.24,200,2,2
2,20211118131938490,2012,25554171,8.24,900,2,2
2,20211118131938490,2012,25554173,8.24,300,2,2
2,20211118131938490,2012,25554175,8.24,400,2,2
2,20211118131938490,2012,25554177,8.24,500,2,2
2,20211118131938490,2012,25554179,8.24,700,2,2
2,20211118131938490,2012,25554183,8.24,100,2,2
2,20211118131938490,2012,25554186,8.24,300,2,2
2,20211118131938490,2012,25554189,8.24,600,2,2
2,20211118131938490,2012,25554193,8.24,200,2,2
2,20211118131938490,2012,25554195,8.24,400,2,2
2,20211118131938490,2012,25554198,8.24,100,2,2
2,20211118131938490,2012,25554200,8.24,200,2,2
2,20211118131938490,2012,25554202,8.24,400,2,2
2,20211118131938490,2012,25554205,8.24,200,2,2
2,20211118131938490,2012,25554207,8.24,300,2,2
2,20211118131938490,2012,25554210,8.24,1900,2,2
2,20211118131938490,2012,25554212,8.24,200,2,2
2,20211118131938490,2012,25554215,8.24,200,2,2
2,20211118131938490,2012,25554217,8.24,400,2,2
2,20211118131938490,2012,25554219,8.24,500,2,2
2,20211118131938490,2012,25554221,8.24,600,2,2
2,20211118131938490,2012,25554223,165.9,100,2,2
2,20211118131938490,2012,25554224,8.24,500,2,2
2,20211118131938500,2012,25554226,8.24,400,2,2
2,20211118131938500,2012,25554227,8.24,300,2,2
2,20211118131938500,2012,25554228,8.24,100,2,2
2,20211118131938500,2012,25554229,167.2,200,2,2
2,20211118131938500,2012,25554231,8.24,100,2,2
2,20211118131938500,2012,25554232,4.63,300,1,2
2,20211118131938490,2011,26019569,100,200,1,2
2,20211118131938490,2013,25875811,4.54,5000,2,2
2,20211118131938490,2013,25875812,12.36,5000,2,2
2,20211118131938490,2013,25875813,13.39,500,2,2
2,20211118131938490,2061,927247,2.335,9640,1,2
2,20211118131938490,2013,25875817,59.08,100,2,2
2,20211118131938490,2011,26019570,12.13,100,2,2
2,20211118131938490,2031,4954897,238.143,50,1,2
2,20211118131938490,2033,6284968,230.8,400,2,2
2,20211118131938490,2011,26019571,46.04,300,2,2
2,20211118131938490,2011,26019572,46.04,300,2,2
2,20211118131938490,2013,25875818,208.98,100,1,2
2,20211118131938490,2013,25875819,26.95,4000,1,2
2,20211118131938490,2013,25875820,24.9,3100,2,2
2,20211118131938490,2031,4954898,195,10,2,2
2,20211118131938490,2031,4954899,352.951,10,1,2
2,20211118131938490,2033,6284974,230.828,110,1,2
2,20211118131938490,2033,6284976,230.8,70,1,2
2,20211118131938490,2033,6284977,230.873,110,1,2
2,20211118131938490,2033,6284978,230.84,90,1,2
2,20211118131938490,2033,6284979,230.87,90,1,2
2,20211118131938490,2033,6284980,230.838,90,1,2
2,20211118131938490,2033,6284981,230.825,110,1,2
2,20211118131938490,2033,6284982,230.856,100,1,2
2,20211118131938490,2033,6284983,230.86,90,1,2
2,20211118131938490,2021,587039,1.312,900,2,2
2,20211118131938490,2033,6284984,231.052,80,2,2
2,20211118131938490,2033,6284985,230.801,120,1,2
2,20211118131938500,2013,25875822,45.43,100,1,2
2,20211118131938500,2014,25718596,21.26,100,2,2
2,20211118131938500,2012,25554234,8.24,4000,2,2
2,20211118131938500,2012,25554235,8.24,1300,2,2
2,20211118131938500,2012,25554236,7.56,1000,1,2
2,20211118131938500,2012,25554241,102.6,6100,1,2
2,20211118131938500,2014,25718600,18.6,500,2,2
2,20211118131938500,2014,25718602,18.22,10000,1,2
2,20211118131938500,2012,25554242,135.84,100,1,2
2,20211118131938500,2012,25554243,7.17,2800,2,2
2,20211118131938500,2012,25554244,11.84,100,2,2
2,20211118131938500,2014,25718616,150.49,200,1,2
2,20211118131938510,2034,6163071,421,30,1,2
2,20211118131938510,2014,25718620,20.24,1000,2,2
2,20211118131938490,2033,6284987,230.721,100,1,2
2,20211118131938500,2013,25875824,13.39,100,2,2
2,20211118131938500,2033,6284988,230.833,90,1,2
2,20211118131938500,2011,26019574,4.69,700,2,2
2,20211118131938500,2033,6284990,264.3,200,1,2
2,20211118131938500,2033,6284992,230.743,60,1,2
2,20211118131938500,2013,25875825,11.81,400,2,2
2,20211118131938500,2013,25875827,12.39,800,1,2
2,20211118131938500,2013,25875828,5.26,2400,2,2
2,20211118131938500,2013,25875829,5.26,2400,2,2
2,20211118131938500,2013,25875830,5.26,2500,2,2
2,20211118131938500,2013,25875831,5.26,2400,2,2
2,20211118131938500,2013,25875832,59.15,200,2,2
2,20211118131938500,2013,25875833,5.26,5400,2,2
2,20211118131938500,2013,25875834,102.41,200,1,2
2,20211118131938500,2033,6284993,231.043,80,2,2
2,20211118131938500,2033,6284994,230.73,70,1,2
2,20211118131938500,2033,6284995,230.81,70,1,2
2,20211118131938500,2011,26019575,109.15,300,2,2
2,20211118131938500,2011,26019576,51.21,100,1,2
2,20211118131938500,2031,4954900,193.25,10,1,2
2,20211118131938500,2011,26019577,14.51,500,2,2
2,20211118131938500,2013,25875835,4.35,3300,2,2
2,20211118131938500,2011,26019579,12.13,300,2,2
2,20211118131938500,2011,26019580,4.54,5700,2,2
2,20211118131938500,2011,26019581,13.92,200,1,2
2,20211118131938500,2031,4954902,126.872,300,2,2
2,20211118131938500,2011,26019583,27.93,100,1,2
2,20211118131938500,2013,25875837,59.01,300,2,2
2,20211118131938500,2013,25875838,35.9,2600,1,2
2,20211118131938510,2014,25718623,12.43,100,2,2
2,20211118131938510,2012,25554246,149.88,200,2,2
2,20211118131938510,2024,645042,1.24,120000,1,2
2,20211118131938510,2012,25554248,8,7500,2,2
2,20211118131938510,2032,2703262,371.824,20,2,2
2,20211118131938510,2034,6163073,363.454,50,1,2
2,20211118131938510,2014,25718632,26.5,100,1,2
2,20211118131938510,2012,25554249,12.7,400,2,2
2,20211118131938510,2014,25718633,3.33,2000,2,2
2,20211118131938510,2012,25554252,5.59,10000,1,2
2,20211118131938510,2012,25554253,4.36,5000,2,2
2,20211118131938520,2012,25554254,36.72,300,1,2
2,20211118131938520,2014,25718637,27.5,1000,2,2
2,20211118131938520,2014,25718638,8.18,600,1,2
2,20211118131938520,2014,25718639,54.24,100,1,2
2,20211118131938520,2012,25554257,9.06,3000,2,2
2,20211118131938500,2011,26019586,11.6,300,2,2
2,20211118131938500,2011,26019587,30.38,600,2,2
2,20211118131938510,2011,26019589,5.79,1000,1,2
2,20211118131938510,2013,25875846,16.02,1100,1,2
2,20211118131938510,2021,587041,1.627,110000,2,2
2,20211118131938510,2013,25875847,27,2900,2,2
2,20211118131938510,2011,26019590,36.18,100,1,2
2,20211118131938510,2011,26019592,7.14,4400,2,2
2,20211118131938510,2013,25875848,4,900,2,2
2,20211118131938510,2031,4954904,353.587,160,2,2
2,20211118131938510,2011,26019594,30.4,100,2,2
2,20211118131938510,2023,656853,1.49,1000,1,2
2,20211118131938510,2011,26019595,52,2108,2,2
2,20211118131938510,2011,26019596,4.88,15000,1,2
2,20211118131938510,2011,26019597,7.29,1000,2,2
2,20211118131938510,2013,25875849,23.75,400,2,2
2,20211118131938520,2061,927270,2.33,10,2,2
2,20211118131938520,2031,4954906,353.586,30,2,2
2,20211118131938520,2011,26019599,8.23,500,2,2
